1739 2896
136 297 281 364 τάπης,
295 311 342 348 ut
365 302 425 347 ita
440 301 591 358 dicam,
615 316 692 347 ore
716 301 835 350 exire
849 300 962 346 haud
977 314 1154 359 prorsus
1165 299 1382 360 potueritz
1406 300 1515 344 hane

138 375 300 420 clariss.
328 371 568 417 Ilei-manui
586 371 940 418 coniecturnm‘ut
955 369 1010 413 ab
1030 370 1146 414 omni
1163 378 1286 429 parte
1313 369 1516 415 nullam

137 458 291 490 censeo
318 443 637 501 repudiandam.
669 497 672 499 .
913 474 917 481 ,

191 511 251 557 V.
268 511 347 557 52.
390 512 519 556 παῦε·
551 507 678 556 ὁκοῖα
705 509 800 554 cod.
828 508 880 553 C.
909 505 1059 553 παῦσὲ
1087 503 1214 553 ὁκοῖα
1241 509 1336 552 cod.
1351 510 1412 562 A,
1441 508 1516 551 ubi

135 581 333 641 improba
377 598 526 626 manus
564 580 806 627 recentior
821 571 1121 639 δωρικώτατον
1163 578 1278 622 istud
1315 572 1440 622 ὁκοῖα
1470 578 1517 621 in

137 644 272 694 ὁποῖα
307 649 388 710 (sic
417 650 512 693 edd.
542 657 645 694 vett.
675 655 846 708 praeter
883 647 1063 692 Gourm.
1101 663 1212 706 quae
1239 663 1322 706 per.
1347 654 1518 706 typogr.

136 735 327 764 errorem
355 716 487 763 ἓποῖα
511 717 658 777 hahet)
687 725 853 763 mutare
880 716 1073 772 tentavit,
1101 733 1227 776 quem
1246 715 1519 762 temerarium

136 796 335 833 conatum
350 787 519 846 nigrius
537 786 686 846 prodit
703 793 998 830 atramentum.
1015 785 1136 829 Illud
1151 779 1300 829 παύσέ
1323 793 1388 829 est
1404 785 1518 828 futu-

133 874 245 914 rum,
263 873 343 916 per
359 857 651 916 apostrophen
670 855 771 915 sylb
786 871 849 913 αι,
865 862 1079 900 curtatum
1099 862 1143 900 ct
1160 871 1241 915 pro
1262 854 1518 915 imperativo

135 927 356 983 eleganter
370 926 617 969 adhibitum.
646 917 937 982 multomagis
952 925 1057 968 mihi
1074 925 1348 979 satist-neret,
1366 925 1405 967 si
1419 931 1520 982 post

133 985 283 1037 παύσέ
301 992 473 1052 signum
489 993 697 1052 interrog.
716 992 1001 1050 scriberetur,
1022 1000 1111 1039 tum
1129 992 1245 1037 enim
1268 993 1520 1037 vertendum

135 1071 270 1107 esset=
288 1063 372 1107 An
397 1062 651 1106 desines?
680 1062 857 1119 (Wirst
874 1063 932 1107 du
949 1062 1069 1107 wohl
1084 1063 1329 1107 auflffiren‘l
1357 1061 1518 1120 germ.)

135 1147 264 1192 quam
281 1147 429 1177 vocem
452 1131 600 1177 eodem
621 1147 803 1191 prorsus
831 1123 975 1188 sensu,
994 1132 1140 1177 eadem
1159 1131 1384 1176 occasione
1410 1131 1519 1174 data.

133 1201 229 1260 ipse
247 1217 331 1260 ego
346 1201 429 1244 iam
453 1217 580 1260 saepe
599 1217 653 1244 ex
677 1200 804 1246 iratis
814 1200 971 1247 audivi.
1000 1202 1221 1261 Perquam
1238 1200 1394 1245 m'umn
1412 1199 1520 1244 mihi

134 1271 318 1327 videtur,
348 1270 527 1326 Valck„
556 1270 885 1319 solertissimum
919 1270 1115 1330 alioquin
1143 1270 1404 1315 Dorica-mn
1432 1270 1520 1314 for-

133 1355 297 1383 marum
324 1340 646 1398 inquisitorem,
675 1342 759 1385 hoc
787 1341 885 1386 laoco
914 1341 1166 1397 Ionicum
1194 1336 1350 1392 ὁποῖα,
1388 1356 1518 1399 quam

133 1408 260 1453 Dor.
288 1403 414 1452 ὁκοῖα
442 1404 516 1468 [cf.
531 1408 729 1454 Corinth.
764 1425 807 1471 p.
828 1409 941 1455 685.
970 1403 1054 1455 ὅκα
1083 1409 1241 1468 (Dor.)
1273 1401 1370 1454 ἄντί
1406 1422 1489 1452 τε.

133 1469 267 1522 ὁπότε
276 1475 373 1537 etc.]
388 1476 633 1531 maluisse,'
618 1493 666 1522 ιιι
673 1482 931 1536 textumque
945 1478 1181 1540 recepisse·
1169 1510 1184 1536 ,
1205 1474 1331 1523 ὁκοῖα
1342 1477 1518 1522 Reiskio

133 1546 414 1605 probatum.-
381 1540 915 1606 -ὁκοῖα---νένιμμαα]
939 1548 1130 1591 Prorsus
1145 1549 1324 1592 eandem
1343 1547 1437 1591 fere
1456 1547 1519 1591 lo-

134 1615 350 1660 cutionem
357 1631 495 1675 nuper
509 1615 666 1671 audivi,
677 1631 731 1659 ex
746 1615 919 1660 cultiori
936 1626 1108 1661 nostrae
1123 1616 1272 1661 aaatis
1282 1616 1376 1661 viro
1387 1615 1518 1675 (Ger-

133 1683 279 1743 mano)
288 1714 302 1738 ‚
331 1700 464 1742 quum
479 1700 503 1726 a
517 1685 725 1743 pincerna
744 1685 948 1743 quopiam
966 1685 1067 1729 item
1082 1701 1192 1743 aqua
1207 1686 1517 1729 offunderetur.

132 1752 226 1800 Tot.
250 1752 399 1798 verbis
434 1769 545 1813 opus
575 1752 750 1798 omnino
787 1746 877 1798 non
914 1752 1155 1799 habuerunt
1190 1769 1333 1813 neque
1361 1753 1517 1798 Valek.

138 1837 277 1880 neque
305 1822 470 1865 Riessl.
499 1824 554 1865 ad
591 1824 707 1865 hunc
744 1839 916 1866 versum
949 1824 1275 1881 explicandum3
1313 1824 1412 1881 quis
1451 1832 1518 1867 est

139 1892 269 1946 enim,
299 1890 376 1949 qui
393 1906 489 1934 eum
508 1906 597 1936 non
615 1890 864 1949 intelligat?

190 1964 250 2008 V.
267 1964 347 2009 55.
386 1961 515 2016 κλεὶς,
545 1962 676 2015 atsteig,
705 1971 748 2008 et
777 1978 799 2007 ε
822 1964 985 2008 Dorice
1006 1965 1052 2008 in
1081 1980 1104 2008 a
1122 1980 1349 2020 converso,
1379 1964 1518 2016 κλαΐς,

134 2033 251 2079 unde
280 2049 299 2077 ι
326 2033 477 2090 eiecto,
506 2040 549 2078 et
578 2045 607 2076 σ
635 2049 730 2079 cum
760 2033 787 2089 ξ
815 2041 1088 2091 commutato,
1118 2033 1327 2081 Doricum
1349 2033 1517 2094 (sicil.)

135 2096 246 2157 κλὰξ
274 2102 405 2161 (κλᾶξ
423 2101 624 2161 Gom-m.)
652 2110 717 2146 est
745 2110 898 2147 ortum.

191 2183 251 2229 V.
272 2183 351 2228 56.
376 2200 441 2243 sq.
479 2184 527 2227 in
554 2183 679 2228 codd.
707 2191 751 2228 et
778 2184 873 2229 edd.
911 2191 1010 2229 vett.
1047 2190 1148 2244 post
1174 2180 1310 2228 πλέον
1346 2182 1517 2229 nullum

136 2259 273 2297 exstat
289 2253 648 2313 interpunctionis
668 2254 866 2313 sig-nunu,
895 2254 1099 2313 καθαροῦ
1116 2253 1265 2311 Junt.3
1293 2254 1402 2308 μνᾶς
1420 2255 1515 2297 edd.

134 2322 258 2367 Junt.
295 2322 345 2366 Z.
384 2322 463 2377 R„
500 2322 617 2381 Hag.
655 2329 698 2366 et
733 2323 918 2380 Murci„
963 2323 1111 2382 idque·
1138 2323 1275 2382 magis
1319 2340 1372 2368 ex
1416 2323 1517 2382 lege

135 2390 350 2447 Granum,
379 2403 636 2449 quamquam
662 2397 706 2434 et
733 2385 765 2447 ἢ
788 2392 958 2448 vocula,
984 2407 1062 2450 per
1081 2391 1374 2449 pleonasmum
1399 2391 1516 2434 adhi-

135 2458 242 2516 bita,
257 2475 346 2505 non
362 2459 563 2516 offendit3
593 2459 710 2519 quod
733 2459 889 2520 probat
905 2459 1057 2505 Valck.
1081 2476 1124 2520 p.
1140 2459 1252 2504 559,
1276 2486 1333 2495 -
1348 2453 1423 2504 ”H
1434 2453 1515 2504 δύο

136 2529 232 2577 cod.
261 2531 307 2579 A
336 2537 378 2579 et
405 2530 524 2590 edd.3
552 2531 778 2578 diversam
800 2538 968 2589 autem,
998 2539 1042 2577 et
1064 2533 1237 2577 nemini
1257 2531 1406 2579 adhuc
1427 2546 1514 2579 me-
