1739 2896
851 82 905 126 18

133 199 422 261 mentitionem,
445 209 549 253 quae
567 198 674 241 haud
689 198 942 250 mediocriter
960 199 1115 242 scholio
1127 199 1213 254 illo,
1237 198 1347 253 quod
1361 210 1413 242 ex
1427 166 1568 253 codice
1584 200 1620 243 Α

133 281 259 325 supra
278 260 439 315 allatum
459 274 536 324 est,
561 268 708 318 firmari
737 270 830 318 mihi
857 265 1024 312 videtur.
1086 269 1254 322 Genitivi
1283 270 1364 318 isti
1375 260 1436 311 ὦν
1461 266 1619 325 [abac]

135 343 182 383 et
179 337 234 392 χ’
255 334 511 395 ὦνζεῖπας),
536 341 621 394 qui,
646 339 864 393 Brunckio,
891 340 974 380 viro
994 343 1181 392 ceterum
1179 340 1413 395 perdocto,
1413 343 1499 394 et,
1509 338 1621 394 quod

134 411 253 454 valde
276 412 414 465 miror,
446 411 523 464 ipsi
549 409 814 452 Valckenario
846 402 925 452 tam
957 409 1261 474 inexplicabiles
1281 408 1554 467 videbantur,
1579 414 1622 463 ut

134 482 198 524 vel
212 472 384 536 linguae
409 493 586 535 graecae
610 480 771 541 legibus
795 481 992 532 obsistere
1019 493 1107 535 eoS‚
1140 483 1228 523 ausi
1251 484 1331 527 sint
1356 483 1570 535 affirmare,
1586 493 1622 532 a

133 541 260 606 figura
284 553 562 606 grammatica,
592 552 872 600 attractionem
902 562 1022 605 quam
1052 555 1218 608 vocant,
1242 552 1324 594 orti
1354 555 1469 605 suut3
1489 562 1621 607 quam

134 625 170 665 si
189 623 417 677 sustuleriS‚
444 626 483 665 et
499 634 563 676 ea,
590 634 694 675 quae
712 620 1026 676 (ἐλλειπτικιᾶς)
1053 624 1205 665 omissa
1219 612 1311 664 sunt
1328 621 1380 678 ¹),
1404 622 1621 675 addideris,

135 692 349 734 verborum
372 692 609 745 collocatio,
631 691 712 745 legi
730 692 1016 745 grammaticae
1042 690 1253 764 adaptata,
1272 692 1376 734 haec
1397 693 1491 736 erit:
1517 704 1622 748 του-

133 777 219 805 των
248 754 280 804 οἳ
310 759 430 812 εἶδες,
466 762 542 804 καὶ
572 758 737 804 τούτων
773 754 804 804 ὁὶ
840 758 979 814 εἶπας,
1017 759 1074 805 σὺ
1099 741 1270 804 ἰδοῦσα
1301 762 1363 817 τῷ
1397 759 1474 816 μὴ
1486 752 1623 807 ἰδόντι

134 834 247 885 λέγε
264 848 324 880 τι,
367 833 541 883 Eorum,
584 843 687 884 quae
728 830 893 886 [forte]
936 831 1090 884 vidisti,
1135 843 1353 886 eorumque
1395 833 1444 875 de
1481 832 1623 887 quihus

135 903 270 946 locuta
299 914 343 946 es
375 903 429 959 (ις
457 914 492 945 e.
523 903 764 945 mentionem
796 900 971 958 fecisti),
1008 905 1070 955 tu,
1107 915 1210 958 quae
1239 903 1392 963 vidisti,
1429 904 1622 952 aliisue·-

131 977 264 1028 piam,
295 976 365 1028 qui
384 974 446 1016 nil
464 974 566 1016 vidit
590 971 639 1028 (i.
670 985 703 1015 e.
733 971 869 1028 mihi),
896 973 1052 1028 aliquid
1082 972 1242 1026 reseras
1272 974 1403 1017 velim.
1499 1019 1502 1025 ,

222 1046 317 1087 Non
341 1046 451 1099 item,
477 1048 601 1097 atque
621 1055 717 1098 ego,
751 1043 922 1102 eundem
947 1045 1080 1094 locum
1105 1045 1307 1098 explicare
1336 1049 1460 1099 tentat
1480 1045 1623 1099 Kicss-

134 1116 285 1169 hugus,
323 1115 522 1157 Theocriti
554 1114 683 1155 editor
721 1118 843 1168 atque
875 1116 1068 1167 interpres
1099 1115 1268 1168 plurima
1305 1115 1425 1157 laude
1461 1115 1622 1169 dignus,

136 1197 285 1246 quippe
317 1186 382 1227 cui
411 1195 650 1238 persuasum
681 1185 732 1225 sit
764 1183 990 1237 Gorgonem
1016 1186 1102 1236 jam
1132 1175 1330 1238 prioribus
1362 1186 1489 1228 annis
1503 1196 1624 1238 pom-

136 1267 254 1310 pam
260 1257 378 1299 istam
408 1254 574 1309 vidisse,
607 1258 646 1296 et
677 1254 755 1296 hac
787 1253 838 1296 de
870 1262 997 1298 causa
1020 1258 1062 1297 ut
1094 1266 1160 1310 ea,
1192 1267 1297 1309 quae
1323 1255 1417 1302 olim
1440 1255 1677 1309 vidisset„

138 1329 358 1381 enarraret,
390 1325 443 1367 ab
469 1325 668 1367 Praxinoe
700 1325 825 1367 fuisse
857 1330 1011 1370 oratam
1038 1323 1104 1380 [v.
1132 1323 1247 1381 25)
1285 1325 1456 1391 Reliqua
1474 1326 1624 1377 Kiess-

137 1397 240 1451 lingi
259 1396 489 1450 explanatio
515 1396 567 1437 ab
592 1407 683 1437 mea
703 1383 867 1464 parum,
892 1397 927 1438 si
951 1395 1033 1439 non
1057 1396 1168 1450 nihil,
1197 1395 1334 1438 differt.
1377 1395 1499 1444 Idens
1513 1397 1559 1439 Y
1576 1396 1624 1439 D.

138 1478 230 1510 cum
254 1467 476 1508 scholiasta
499 1466 663 1519 vulgato
688 1471 782 1519 post
805 1462 942 1508 ἰδόντι
964 1477 1045 1520 per
1053 1429 1222 1520 ellipsin
1246 1461 1494 1530 διηγήσαιο,
1517 1466 1626 1520 quod

137 1536 244 1580 idem
265 1541 332 1591 ‘est
356 1548 407 1579 ac
430 1548 563 1579 meum
581 1537 719 1589 λέγοις
743 1538 784 1577 in
805 1536 894 1577 cod.
919 1538 974 1591 A,
999 1538 1192 1579 omissum
1216 1536 1447 1589 arbitratur;
1472 1524 1624 1591 itaque,

138 1596 296 1651 mecum
328 1596 600 1662 conspirans‚'
622 1606 671 1660 de
703 1611 812 1649 textu
843 1604 940 1649 nihil
972 1611 1113 1649 censet
1142 1599 1439 1650 immutandum.
1501 1608 1633 1658 Vetus

138 1665 351 1725 annotator
382 1689 544 1732 quoque
577 1677 667 1720 edit.
693 1678 813 1720 Basil.
839 1680 973 1719 versui
1000 1678 1054 1719 25
1087 1677 1317 1732 adscripsit:
1350 1678 1505 1721 scilicet
1528 1671 1625 1726 εἰπέ.

228 1748 435 1791 Harlesius
473 1743 606 1791 autem
652 1748 766 1789 aliter
803 1749 963 1790 omnino
1003 1747 1141 1803 idque,
1187 1747 1296 1802 quod
1330 1746 1425 1800 mihi
1467 1741 1645 1803 quidem>

139 1821 491 1877 persuasissimum
523 1823 600 1874 est,
632 1830 844 1873 perperam
869 1820 975 1861 huno
998 1819 1133 1861 locum
1148 1819 1348 1874 explicat,
1380 1831 1501 1874 quum
1525 1832 1626 1875 par-

137 1893 315 1945 ticipium
339 1890 502 1938 ἰδοῖσα,
531 1889 639 1944 quod
663 1892 752 1944 sine
773 1889 892 1932 dubio
918 1895 1109 1956 tanquam
1134 1892 1331 1944 appositio
1359 1889 1411 1932 ad
1436 1892 1627 1935 omissum

137 1963 274 2024 λέγοις
305 1957 389 2016 (σύ
419 1955 533 2016 scil.)
564 1961 630 2003 vel
659 1956 886 2018 διηγήσαιο
917 1953 979 2003 est
1009 1960 1262 2013 referendum
1292 1959 1322 2014 ζ
1322 1961 1369 2004 tu
1392 1963 1628 2015 conspicata
1681 2005 1688 2013 x

137 2043 299 2084 narres,
327 2043 495 2086 quaeso,
521 2043 572 2074 ea
596 2042 700 2086 quae
721 2029 900 2084 forsitan
922 2031 1089 2085 vidisti)
1113 2030 1166 2073 ad
1190 2030 1435 2085 antecedens
1452 2030 1627 2097 verhum
1707 2049 1709 2051 ’

139 2100 261 2150 εἶπας
287 2106 429 2146 contra
454 2103 653 2155 Theocriti
679 2106 788 2145 certe
813 2104 1054 2156 sententiam
1078 2102 1215 2154 refert.
1223 2105 1261 2144 et
1287 2104 1343 2154 ita
1371 2104 1507 2154 vertit:
1541 2101 1629 2158 „Tu

138 2185 392 2229 verounum
418 2173 718 2227 jamvidisses
744 2185 956 2239 pompam,
994 2184 1045 2225 ea.
1081 2172 1349 2227 quaenam
1379 2175 1438 2227 et·
1453 2184 1575 2227 auae
1587 2175 1628 2223 te

140 2244 290 2287 vidisse
326 2244 484 2294 ‹ti-visti,
520 2244 621 2288 milti
650 2241 748 2299 ’(τῷ
764 2243 1067 2294 guniversaliter
1103 2254 1153 2293 ex
1198 2244 1396 2294 communi
1418 2242 1629 2298 loquendi

216 2432 247 2476 1)
263 2432 317 2467 De
332 2433 445 2479 ellipsi
458 2432 539 2469 vide
564 2432 722 2478 (praeter
737 2432 861 2468 Buttm.
878 2443 927 2478 gr.
944 2442 994 2478 gr.
1012 2433 1043 2475 §.
1063 2431 1149 2477 138)
1166 2430 1377 2468 d'Orvillium
1392 2431 1436 2467 ad
1452 2431 1627 2468 Chariton.

139 2501 174 2536 p.
192 2490 279 2536 355,
305 2490 363 2526 ubi
379 2491 422 2527 de
439 2493 570 2527 omisso
586 2490 714 2537 verbo,
741 2490 956 2527 substantivo
973 2495 1032 2527 aut
1047 2491 1229 2537 adverbio,
1253 2492 1322 2527 imo
1338 2493 1472 2537 integro
1493 2491 1629 2538 periodi

140 2549 296 2586 membro
321 2552 380 2586 aut
404 2559 425 2586 e
450 2552 564 2587 vicino
590 2550 802 2597 repetendo,
833 2554 892 2586 aut
917 2550 1111 2596 supplendo
1143 2553 1179 2586 et
1202 2550 1361 2586 addendo
1386 2549 1528 2586 uberius
1552 2550 1628 2586 dis-

141 2611 225 2645 serit
249 2608 290 2644 V.
317 2608 357 2643 D.
1413 2622 1416 2625 κ
