1739 2896
280 402 330 445 Γ.
381 392 556 460 Ἕρπειν
584 393 678 459 ὥρα
707 392 743 443 κ’
772 394 852 458 εἴη’
882 392 1054 459 ἀεργοῖς
1083 396 1178 444 αἰὲν
1205 394 1349 463 ἑορτά.

282 469 337 514 G.
368 470 440 513 lre
459 469 633 528 quidem
657 485 773 513 nuno
790 476 1000 528 praestan
1029 469 1241 514 inertibus
1260 472 1347 516 otia
1370 487 1550 531 semper.

363 535 606 598 («Tempns
635 546 701 582 est
736 537 908 595 abire»,
945 538 993 582 in
1030 538 1097 583 ed.
1131 538 1289 584 Mox-el.
1323 540 1552 603 adscripsit

854 608 951 666 ipse
981 608 1308 665 Casnunonus).

220 689 278 731 V.
295 688 372 732 26.
414 685 562 747 ἕρπειν
582 686 705 731 codd.
735 688 793 731 A.
810 687 877 742 G„
907 687 1025 747 qnod
1047 687 1200 745 dole03
1229 695 1417 748 praestat
1437 690 1551 734 enim

161 757 372 801 Doricum
400 757 535 815 magis
565 754 711 814 ἓρπην,
742 757 860 815 quod
890 757 993 800 dant
1023 757 1118 801 edd.
1148 757 1199 801 Z.
1217 757 1274 801 R.
1303 756 1481 804 Gouma.
1508 766 1553 802 et

160 826 274 872 Mor.
312 826 538 883 Boisson.;
591 823 725 884 ἕρπῃν
763 826 905 869 minus
943 826 1055 884 hene
1097 824 1157 885 (v.
1195 833 1284 870 not.
1326 841 1463 870 meam
1497 827 1550 871 ad

161 896 345 954 κοσμῐῗν)
374 897 470 940 edd.
500 896 605 939 Ald.
636 902 679 938 et
701 894 799 939 rell.
838 902 939 939 vetti
959 889 1139 953 ’Ἐρπειν
1163 896 1343 940 verbnm
1371 896 1551 941 solenne

160 964 330 1008 videtur
373 965 427 1008 de
464 964 587 1008 festis
632 963 901 1023 speetandis3
941 979 1074 1022 quare
1113 964 1160 1006 in
1199 964 1430 1023 proVerbio
1467 965 1550 1009 illo

160 1050 334 1093 quoqne
351 1041 554 1093 apparet=
584 1030 775 1091 ἕρπειν
802 1026 915 1091 πρός
936 1034 1140 1091 τραχεῖαν
1165 1031 1404 1091 ἕπίβᾶαν
1421 1035 1551 1078 Pind.

158 1103 210 1147 P.
229 1104 280 1157 4,
312 1102 420 1146 140.
451 1128 508 1135 —
536 1102 671 1144 Hune
686 1102 830 1145 locum
847 1119 914 1146 vv.
935 1103 1136 1161 24—27.
1165 1103 1320 1145 mirum
1345 1110 1550 1161 qnantum

159 1171 329 1217 vexavit
358 1187 547 1216 summus
571 1169 756 1215 Godofr.
777 1171 1069 1227 Hermannus,
1100 1171 1275 1216 omnino
1305 1172 1549 1231 infringens

157 1242 351 1300 priscum
390 1256 533 1284 rernm
562 1241 783 1297 ordinem,
822 1249 866 1283 et
894 1256 1077 1299 prorsus
1106 1241 1297 1296 aliter,
1337 1257 1465 1300 quam
1494 1241 1550 1284 in

158 1310 277 1354 ullo
315 1310 497 1354 veteri
536 1311 789 1369 apographo
830 1316 896 1354 est
932 1311 1115 1365 factum,
1154 1327 1225 1354 res
1270 1310 1548 1367 distribuens,

157 1394 301 1437 quem,
332 1378 449 1437 quod
479 1378 622 1433 doleo,
653 1379 789 1422 secuti
827 1386 926 1423 sunt
954 1380 1183 1438 Zieglerus
1214 1379 1548 1438 Ameisinsqne3

156 1463 238 1491 nee
265 1454 407 1491 tamen
435 1447 777 1504 Boissonadins,
817 1448 982 1508 qnippe
1009 1448 1086 1508 qui
1115 1448 1246 1492 verba
1269 1441 1436 1506 ’Ἑρπην
1465 1446 1549 1505 (sie

154 1516 303 1574 habet)
320 1510 415 1575 ὥρα
430 1508 466 1558 κ’
482 1511 552 1574 ε’ἰη
565 1515 783 1575 Gorgoni,
802 1516 1022 1575 sequentia
1038 1523 1178 1560 autem
1190 1509 1387 1575 Ἀέργοις
1410 1532 1548 1576 usque

155 1587 209 1629 ad
238 1602 277 1630 v.
301 1585 380 1630 55.
413 1580 442 1628 ἆ
459 1579 571 1640 κλᾶξ
589 1586 720 1644 (κλᾶξ
740 1584 942 1644 Gonrm.)
964 1586 1055 1629 κτλ.
1072 1585 1324 1630 Praxinoae'
1338 1586 1546 1630 tribuunt.

153 1656 206 1700 ln
229 1655 336 1699 ΑΜ.
353 1654 531 1699 Gonrm.
552 1662 595 1699 et
613 1655 753 1701 Bruh.
775 1655 810 1699 I.
841 1654 927 1712 (an.
948 1654 1097 1713 1545)
1127 1664 1170 1699 et
1183 1655 1266 1700 ΙΙΙ.
1291 1654 1379 1713 (an.
1399 1656 1547 1714 1555)

153 1740 193 1768 v.
215 1723 293 1768 28.
322 1723 564 1767 Praxinoae
581 1739 827 1784 perperam
847 1723 1083 1780 tribuitur-3
1115 1724 1232 1784 qnod
1261 1731 1382 1768 reete
1401 1731 1547 1768 monet

151 1793 368 1838 Reiskius.
413 1793 686 1839 Verborum:
727 1791 861 1851 ἕρπην
890 1787 938 1836 ὡ’.
968 1786 1005 1836 κ’
1035 1788 1105 1851 ε’ἰη
1134 1794 1219 1838 fida
1249 1793 1546 1852 interpretatio

153 1863 268 1923 apud
297 1862 391 1908 cie.
423 1863 555 1908 Tnse.
591 1862 628 1917 1,
666 1862 753 1905 46.
776 1862 882 1905 haee
912 1868 1000 1905 est=
1043 1861 1158 1907 «Sed
1193 1868 1400 1922 tempus
1437 1869 1547 1919 est,

152 1935 256 1976 iam
285 1933 413 1976 hine
443 1932 633 1977 abire.»
685 1931 927 1984 Similiter,
966 1947 1017 1975 ae
1045 1933 1230 1987 Noster,
1269 1932 1440 1975 loeutus
1479 1940 1547 1975 est

152 2000 371 2046 Herodot.
400 2001 462 2058 V,
494 2000 611 2047 1092
650 1994 740 2060 ὥρη
777 1994 830 2044 ἂν
858 1995 927 2059 εἵη
956 1992 1079 2056 ὑμῖν,
1117 1999 1193 2044 ubi
1232 1998 1389 2061 (aeque
1417 2008 1546 2061 atque

150 2074 234 2117 hoe
273 2079 425 2116 nostro
464 2071 585 2130 loeo)
622 2071 995 2115 necessarium
1030 2086 1124 2114 esse
1160 2070 1271 2114 illud
1311 2066 1388 2124 ὂὲν,
1434 2071 1546 2116 bene

152 2142 281 2187 docet
311 2142 603 2186 Bornemann.
633 2140 686 2183 ad
716 2139 917 2199 Xenoph.
948 2139 1101 2200 Symp.
1133 2139 1216 2197 ΙΙΙ,
1246 2137 1284 2200 §.
1315 2140 1360 2184 9.

210 2219 271 2262 V.
301 2211 377 2262 29.
422 2216 560 2261 Κινεῦ
587 2218 615 2260 i.
648 2232 689 2275 q.
721 2222 914 2259 nostrum
950 2215 1094 2274 «reg’
1123 2215 1294 2260 dicht»

207 2286 268 2332 V.
300 2286 378 2330 50.
412 2280 509 2330 ‘'Ad'
539 2281 598 2337 ὥς
626 2285 743 2341 νᾶμα
765 2282 903 2344 φέρει.
949 2283 1096 2345 Quum
1117 2284 1241 2329 codd.
1272 2292 1317 2330 et
1334 2284 1428 2330 edd.
1450 2285 1545 2330 fere

153 2373 303 2401 omnes
339 2358 451 2400 hane
496 2356 727 2400 lectionem
775 2355 1003 2399 exhibeant
1049 2352 1159 2415 quae
1189 2370 1360 2399 sensnm
1394 2371 1544 2400 sanum

152 2426 328 2470 omnino
357 2424 549 2484 praehet,
578 2439 796 2483 quumque
825 2424 990 2480 σμᾶμα,
1017 2424 1136 2483 quod
1155 2424 1340 2469 coniecit
1356 2423 1412 2470 G.
1430 2424 1543 2468 Her-

151 2511 332 2540 mannus
362 2493 623 2555 (probarunt
637 2492 828 2554 Ziegler.
858 2502 902 2539 et
930 2493 1161 2554 Meinas),
1191 2501 1240 2538 ut
1267 2493 1321 2538 ab
1350 2493 1542 2540 Attico

153 2566 306 2625 σμῆμα
334 2565 435 2626 (pro
466 2564 662 2625 σμῆγμα)
691 2565 881 2626 ductum,
909 2581 965 2613 ex
988 2564 1115 2613 huius
1144 2564 1326 2612 feminae
1355 2562 1542 2626 δωρικω-
