1739 2896
551 653 1124 712 PRoanoMENA.
1183 611 1185 614 ’

4 996 19 1010 ”
94 1003 171 1051 De
190 1003 274 1047 XV.
297 1003 430 1059 idyllia*
458 1003 594 1047 indole
623 1004 750 1059 deque
784 1004 968 1047 locorum
997 1001 1269 1059 quorumdam
1305 1001 1585 1057 difficilior-um

566 1082 574 1085 ‘
691 1075 989 1129 explanatione.

183 1203 277 1246 Non
308 1201 460 1258 dubito,
486 1203 584 1245 fore
614 1203 776 1258 multos,
816 1205 884 1258 qui
913 1206 1119 1260 mirentur,
1160 1203 1270 1258 quod
1299 1215 1377 1259 ego
1416 1203 1470 1247 ad
1499 1208 1584 1247 ter-

95 1275 192 1316 tium
214 1274 559 1316 commentationis
581 1284 697 1315 meae
720 1275 928 1327 specimen
949 1261 1148 1317 edendum
1165 1275 1245 1317 hoc
1265 1274 1373 1317 idem
1396 1260 1585 1330 elegerim

93 1343 290 1400 idyuium,
329 1343 380 1386 de
416 1334 496 1398 quo
534 1344 582 1386 in
614 1344 767 1412 pruniS,
814 1348 971 1388 ceteros
1009 1349 1052 1388 ut
1089 1349 1248 1388 taceam
1284 1345 1585 1402 explanatores,

95 1425 274 1457 summus
305 1399 612 1469 Valckenarius,
645 1398 714 1468 ¹qui
744 1414 929 1458 omnibus
955 1420 1049 1459 ante
1074 1426 1121 1459 se
1133 1426 1385 1470 graecorum
1408 1418 1586 1470 scripto-

95 1492 181 1536 mm
202 1484 484 1538 interpretibus
503 1448 679 1538 palm’am
700 1486 857 1540 eripuit,
884 1490 924 1527 et
944 1490 1038 1539 post
1055 1486 1166 1528 illum
1184 1481 1439 1528 doctissimus
1464 1490 1586 1540 atque

96 1556 408 1597 humanissimus
439 1554 661 1609 Spolmius,
686 1566 838 1610 sensu,
879 1560 922 1598 ut
950 1557 1007 1598 ita
1037 1554 1167 1599 dicam
1196 1567 1304 1603 vere
1323 1535 1586 1612 Theocriteo,

95 1626 154 1668 uti
190 1626 312 1678 pauci
348 1625 431 1680 alii,
469 1624 693 1679 praeditUS,
735 1627 853 1667 nimis
892 1622 988 1680 ci‘to,
1032 1626 1157 1668 eheu!
1201 1609 1406 1668 Musarum
1441 1638 1586 1669 sacer-

99 1695 209 1737 dotio
250 1699 428 1750 ereptus,
475 1695 619 1737 deinde
656 1696 778 1737 heros
814 1696 881 1737 ille
919 1696 963 1737 G.
1000 1696 1256 1739 Hermannus
1297 1697 1445 1750 aliique
1486 1707 1586 1751 per-

96 1766 227 1820 multi,
260 1776 364 1820 quos
390 1765 443 1807 ad
467 1765 649 1820 singulos
674 1766 790 1808 locos
815 1765 1049 1822 nominabo,
1068 1768 1188 1819 justis
1212 1766 1480 1809 voluminibus
1500 1769 1587 1820 jam

98 1836 383 1878 disseruerunt
443 1836 532 1890 Ego
563 1847 659 1879 vero
691 1837 770 1878 hac
799 1848 843 1878 re
876 1838 1035 1879 omnino
1069 1836 1118 1879 de
1143 1839 1350 1891 proposito
1382 1844 1472 1879 meo
1503 1844 1587 1880 ιιοιι

96 1918 268 1959 possum
295 1906 496 1967 deterreri.
546 1905 784 1959 Quanquam
810 1908 915 1948 enim
941 1906 992 1948 de
1017 1908 1256 1949 suavissimo
1281 1903 1435 1962 idyllio,
1462 1906 1587 1964 quod,

61 1964 77 2031 ’ἶ
97 1981 140 2018 ut
184 1976 346 2038 quidem
381 1977 476 2018 mihi
512 1976 683 2030 videtur,
727 1978 768 2018 in
809 1977 1111 2030 perfectissimis
1154 1979 1588 2031 praestantissimisque

99 2047 301 2089 Theocriti
338 2046 534 2101 poematis
573 2046 695 2089 dehet
730 2048 946 2102 numerari,
991 2050 1046 2102 et,
1088 2047 1356 2090 Valckenario
1400 2048 1436 2090 si
1471 2047 1589 2106 fidem

98 2118 334 2173 tribuamus,
367 2118 550 2160 omnibus
584 2118 788 2173 anteferri,
821 2118 1035 2161 clarissimi
1064 2120 1137 2161 viri
1155 2120 1246 2172 Jam·
1265 2118 1479 2178 permulta,
1511 2131 1588 2162 ea-

101 2201 197 2243 que,
230 2193 272 2231 ut
304 2188 355 2230 ab
386 2188 614 2245 hominibus
648 2193 686 2231 et
716 2191 912 2232 acerrimo
942 2190 1103 2243 ingenio
1136 2194 1175 2232 et
1198 2200 1345 2234 sensus
1370 2190 1588 2233 subtilitate
1623 2226 1628 2232 .

101 2264 141 2300 et
171 2258 394 2301 admirabili
425 2259 632 2301 doctrinae
664 2261 782 2313 copia
810 2261 1014 2323 instructis
1051 2260 1144 2302 licet
1179 2259 1298 2302 nobis
1331 2263 1588 2317 exspectare,

102 2331 209 2371 omni
232 2332 387 2372 ratione
415 2330 570 2384 plurimi
599 2329 786 2372 facienda
806 2342 1042 2384 summeque
1068 2329 1444 2380 commendandain
1457 2330 1589 2373 lucem

100 2400 368 2454 protulerunt:
400 2406 535 2444 tamen
560 2405 599 2443 et
623 2412 687 2443 me
713 2410 834 2455 quum
860 2401 913 2444 ad
936 2405 1088 2455 textum
1118 2405 1186 2443 aut
1215 2400 1495 2444 stabiliendum
1522 2404 1590 2444 aut

101 2469 412 2526 emendandum,
443 2476 525 2514 tum
557 2470 610 2514 ad
641 2471 809 2514 aliorum
840 2471 891 2514 de
921 2469 1025 2514 locis
1058 2468 1346 2513 difficilioribus
1379 2471 1589 2525 opiniones

103 2545 170 2583 aut
201 2540 435 2595 probandas
466 2544 595 2597 magis
626 2553 678 2585 ac
708 2542 931 2586 fulciendas
963 2546 1031 2586 aut
1060 2541 1354 2596 impugnandas
1384 2552 1435 2584 ac
1463 2543 1590 2586 refel-

103 2610 265 2668 lendas,
301 2616 397 2656 ftum
441 2611 614 2668 denique
652 2613 705 2657 ad
741 2612 919 2658 doricam
962 2612 1174 2658 dialectum
1214 2613 1345 2674 magis
1381 2614 1591 2669 magisque
