<?xml version="1.0" encoding="UTF-8"?>
<!DOCTYPE html PUBLIC "-//W3C//DTD XHTML 1.0 Transitional//EN"
    "http://www.w3.org/TR/xhtml1/DTD/xhtml1-transitional.dtd">
<html xmlns="http://www.w3.org/1999/xhtml" xml:lang="en" lang="en">
 <head>
  <title>
</title>
<meta http-equiv="Content-Type" content="text/html;charset=utf-8" />
  <meta name='ocr-system' content='tesseract 3.04.00' />
  <meta name='ocr-capabilities' content='ocr_page ocr_carea ocr_par ocr_line ocrx_word'/>
</head>
<body>
  <div class='ocr_page' id='page_1' title='image "4738013_0053.png"; bbox 0 0 1739 2896; ppageno 0'>
   <div class='ocr_carea' id='block_1_1' title="bbox 823 146 880 205">
    <p class='ocr_par' dir='ltr' id='par_1_1' title="bbox 823 146 880 205">
     <span class='ocr_line' id='line_1_1' title="bbox 823 146 880 205; baseline 0 -18"><span class='ocrx_word' id='word_1_1' title='bbox 823 146 880 205; x_wconf 36' lang='lat' dir='ltr'>41s</span> 
     </span>
    </p>
   </div>
   <div class='ocr_carea' id='block_1_2' title="bbox 116 261 1585 842">
    <p class='ocr_par' dir='ltr' id='par_1_2' title="bbox 116 261 1585 842">
     <span class='ocr_line' id='line_1_2' title="bbox 120 261 1583 319; baseline -0.003 -16"><span class='ocrx_word' id='word_1_2' title='bbox 120 270 255 319; x_wconf 42' lang='lat' dir='ltr'>doruium</span> <span class='ocrx_word' id='word_1_3' title='bbox 283 264 398 301; x_wconf 86' lang='lat' dir='ltr'>redire</span> <span class='ocrx_word' id='word_1_4' title='bbox 428 267 560 308; x_wconf 72' lang='lat' dir='ltr'>parant.</span> <span class='ocrx_word' id='word_1_5' title='bbox 615 261 797 308; x_wconf 77' lang='lat' dir='ltr'>Egregium</span> <span class='ocrx_word' id='word_1_6' title='bbox 826 263 964 308; x_wconf 69' lang='lat' dir='ltr'>poema,</span> <span class='ocrx_word' id='word_1_7' title='bbox 1000 266 1071 298; x_wconf 85' lang='lat' dir='ltr'>tum</span> <span class='ocrx_word' id='word_1_8' title='bbox 1102 263 1145 298; x_wconf 88' lang='lat' dir='ltr'>ob</span> <span class='ocrx_word' id='word_1_9' title='bbox 1176 265 1358 299; x_wconf 81' lang='lat' dir='ltr'>veritatem</span> <span class='ocrx_word' id='word_1_10' title='bbox 1388 266 1424 298; x_wconf 86' lang='lat' dir='ltr'>et</span> <span class='ocrx_word' id='word_1_11' title='bbox 1447 262 1583 299; x_wconf 74' lang='lat' dir='ltr'>festivi-</span> 
     </span>
     <span class='ocr_line' id='line_1_3' title="bbox 118 320 1585 375; baseline -0.002 -13"><span class='ocrx_word' id='word_1_12' title='bbox 118 329 237 370; x_wconf 81' lang='lat' dir='ltr'>tatem,</span> <span class='ocrx_word' id='word_1_13' title='bbox 261 332 330 370; x_wconf 83' lang='lat' dir='ltr'>qua</span> <span class='ocrx_word' id='word_1_14' title='bbox 352 320 527 358; x_wconf 85' lang='lat' dir='ltr'>muliebris</span> <span class='ocrx_word' id='word_1_15' title='bbox 549 320 684 358; x_wconf 85' lang='lat' dir='ltr'><strong>indoles</strong></span> <span class='ocrx_word' id='word_1_16' title='bbox 707 324 1006 370; x_wconf 54' lang='lat' dir='ltr'>repraesentatuffi</span> <span class='ocrx_word' id='word_1_17' title='bbox 1029 324 1100 358; x_wconf 87' lang='lat' dir='ltr'>tum</span> <span class='ocrx_word' id='word_1_18' title='bbox 1123 322 1167 358; x_wconf 86' lang='lat' dir='ltr'>ob</span> <span class='ocrx_word' id='word_1_19' title='bbox 1192 332 1309 359; x_wconf 86' lang='lat' dir='ltr'>rerum</span> <span class='ocrx_word' id='word_1_20' title='bbox 1326 323 1527 375; x_wconf 70' lang='lat' dir='ltr'>varietatem</span> <span class='ocrx_word' id='word_1_21' title='bbox 1548 324 1585 359; x_wconf 88' lang='lat' dir='ltr'>in</span> 
     </span>
     <span class='ocr_line' id='line_1_4' title="bbox 118 380 1585 428; baseline -0.003 -7"><span class='ocrx_word' id='word_1_22' title='bbox 118 383 204 421; x_wconf 83' lang='lat' dir='ltr'>orbe</span> <span class='ocrx_word' id='word_1_23' title='bbox 227 384 310 419; x_wconf 81' lang='lat' dir='ltr'>satis</span> <span class='ocrx_word' id='word_1_24' title='bbox 334 382 461 426; x_wconf 80' lang='lat' dir='ltr'>exiguo</span> <span class='ocrx_word' id='word_1_25' title='bbox 491 380 732 427; x_wconf 69' lang='lat' dir='ltr'>exhibitarum</span> <span class='ocrx_word' id='word_1_26' title='bbox 761 386 834 419; x_wconf 88' lang='lat' dir='ltr'>tum</span> <span class='ocrx_word' id='word_1_27' title='bbox 862 381 1014 427; x_wconf 85' lang='lat' dir='ltr'>denique</span> <span class='ocrx_word' id='word_1_28' title='bbox 1043 380 1088 417; x_wconf 86' lang='lat' dir='ltr'>oh</span> <span class='ocrx_word' id='word_1_29' title='bbox 1119 383 1339 427; x_wconf 83' lang='lat' dir='ltr'><strong>elegantiam,</strong></span> <span class='ocrx_word' id='word_1_30' title='bbox 1369 391 1438 428; x_wconf 80' lang='lat' dir='ltr'>qua</span> <span class='ocrx_word' id='word_1_31' title='bbox 1467 383 1585 426; x_wconf 81' lang='lat' dir='ltr'>regiae</span> 
     </span>
     <span class='ocr_line' id='line_1_5' title="bbox 118 438 1584 488; baseline -0.001 -10"><span class='ocrx_word' id='word_1_32' title='bbox 118 442 265 478; x_wconf 78' lang='lat' dir='ltr'>familiae</span> <span class='ocrx_word' id='word_1_33' title='bbox 292 438 413 475; x_wconf 83' lang='lat' dir='ltr'>laudes</span> <span class='ocrx_word' id='word_1_34' title='bbox 442 441 588 476; x_wconf 85' lang='lat' dir='ltr'>attexuit</span> <span class='ocrx_word' id='word_1_35' title='bbox 616 444 771 488; x_wconf 53' lang='lat' dir='ltr'>auctor„</span> <span class='ocrx_word' id='word_1_36' title='bbox 803 440 925 477; x_wconf 82' lang='lat' dir='ltr'>Totum</span> <span class='ocrx_word' id='word_1_37' title='bbox 953 442 1021 476; x_wconf 62' lang='lat' dir='ltr'>est⁴</span> <span class='ocrx_word' id='word_1_38' title='bbox 1038 439 1259 476; x_wconf 82' lang='lat' dir='ltr'>dramaticum</span> <span class='ocrx_word' id='word_1_39' title='bbox 1289 442 1363 477; x_wconf 86' lang='lat' dir='ltr'>sive</span> <span class='ocrx_word' id='word_1_40' title='bbox 1394 441 1584 485; x_wconf 87' lang='lat' dir='ltr'>mimicum,</span> 
     </span>
     <span class='ocr_line' id='line_1_6' title="bbox 118 498 1583 548; baseline 0.001 -12"><span class='ocrx_word' id='word_1_41' title='bbox 118 510 237 548; x_wconf 87' lang='lat' dir='ltr'>quum,</span> <span class='ocrx_word' id='word_1_42' title='bbox 263 498 356 546; x_wconf 85' lang='lat' dir='ltr'>quod</span> <span class='ocrx_word' id='word_1_43' title='bbox 375 498 590 547; x_wconf 74' lang='lat' dir='ltr'>Boeuiqems</span> <span class='ocrx_word' id='word_1_44' title='bbox 612 502 647 536; x_wconf 91' lang='lat' dir='ltr'>iu</span> <span class='ocrx_word' id='word_1_45' title='bbox 665 498 826 537; x_wconf 86' lang='lat' dir='ltr'>Excursu</span> <span class='ocrx_word' id='word_1_46' title='bbox 850 499 894 536; x_wconf 84' lang='lat' dir='ltr'>de</span> <span class='ocrx_word' id='word_1_47' title='bbox 918 499 1030 536; x_wconf 86' lang='lat' dir='ltr'>saltat.</span> <span class='ocrx_word' id='word_1_48' title='bbox 1054 500 1203 546; x_wconf 89' lang='lat' dir='ltr'>mimica,</span> <span class='ocrx_word' id='word_1_49' title='bbox 1227 499 1466 538; x_wconf 78' lang='lat' dir='ltr'>Bomemanni</span> <span class='ocrx_word' id='word_1_50' title='bbox 1479 500 1583 547; x_wconf 77' lang='lat' dir='ltr'><strong>Sym—</strong></span> 
     </span>
     <span class='ocr_line' id='line_1_7' title="bbox 117 558 1583 608; baseline 0 -12"><span class='ocrx_word' id='word_1_51' title='bbox 117 562 217 606; x_wconf 87' lang='lat' dir='ltr'>posio</span> <span class='ocrx_word' id='word_1_52' title='bbox 240 558 403 605; x_wconf 76' lang='lat' dir='ltr'>Xenoph.</span> <span class='ocrx_word' id='word_1_53' title='bbox 422 560 466 595; x_wconf 87' lang='lat' dir='ltr'>ad</span> <span class='ocrx_word' id='word_1_54' title='bbox 490 558 620 597; x_wconf 73' lang='lat' dir='ltr'>calcum</span> <span class='ocrx_word' id='word_1_55' title='bbox 643 559 782 605; x_wconf 71' lang='lat' dir='ltr'>adjecto</span> <span class='ocrx_word' id='word_1_56' title='bbox 789 579 801 605; x_wconf 56' lang='lat'>‚⁴</span> <span class='ocrx_word' id='word_1_57' title='bbox 823 563 920 596; x_wconf 76' lang='lat' dir='ltr'>recte</span> <span class='ocrx_word' id='word_1_58' title='bbox 935 559 1150 608; x_wconf 68' lang='lat' dir='ltr'>observavit,</span> <span class='ocrx_word' id='word_1_59' title='bbox 1175 559 1377 595; x_wconf 82' lang='lat' dir='ltr'>Theocritus</span> <span class='ocrx_word' id='word_1_60' title='bbox 1401 560 1444 595; x_wconf 88' lang='lat' dir='ltr'>ad</span> <span class='ocrx_word' id='word_1_61' title='bbox 1466 562 1583 596; x_wconf 84' lang='lat' dir='ltr'>imita-</span> 
     </span>
     <span class='ocr_line' id='line_1_8' title="bbox 117 617 1584 667; baseline -0.001 -13"><span class='ocrx_word' id='word_1_62' title='bbox 117 620 245 667; x_wconf 83' lang='lat' dir='ltr'>tionem</span> <span class='ocrx_word' id='word_1_63' title='bbox 259 617 463 666; x_wconf 88' lang='lat' dir='ltr'>Sophronis,</span> <span class='ocrx_word' id='word_1_64' title='bbox 489 621 547 666; x_wconf 81' lang='lat' dir='ltr'>qui</span> <span class='ocrx_word' id='word_1_65' title='bbox 570 622 651 656; x_wconf 89' lang='lat' dir='ltr'>ante</span> <span class='ocrx_word' id='word_1_66' title='bbox 675 628 756 656; x_wconf 88' lang='lat' dir='ltr'>eum</span> <span class='ocrx_word' id='word_1_67' title='bbox 775 618 956 664; x_wconf 78' lang='lat' dir='ltr'>Syracusis</span> <span class='ocrx_word' id='word_1_68' title='bbox 984 620 1106 655; x_wconf 88' lang='lat' dir='ltr'>mimos</span> <span class='ocrx_word' id='word_1_69' title='bbox 1130 622 1166 656; x_wconf 86' lang='lat' dir='ltr'>et</span> <span class='ocrx_word' id='word_1_70' title='bbox 1185 619 1275 655; x_wconf 88' lang='lat' dir='ltr'>inter</span> <span class='ocrx_word' id='word_1_71' title='bbox 1295 627 1358 655; x_wconf 88' lang='lat' dir='ltr'>eos</span> <span class='ocrx_word' id='word_1_72' title='bbox 1372 620 1584 666; x_wconf 60' lang='grc' dir='ltr'><strong><em>γυναικείους</em></strong></span> 
     </span>
     <span class='ocr_line' id='line_1_9' title="bbox 118 676 1582 727; baseline 0.001 -15"><span class='ocrx_word' id='word_1_73' title='bbox 118 686 256 723; x_wconf 83' lang='lat' dir='ltr'>quoque</span> <span class='ocrx_word' id='word_1_74' title='bbox 279 679 417 727; x_wconf 65' lang='grc' dir='ltr'><strong><em>μίμους</em></strong></span> <span class='ocrx_word' id='word_1_75' title='bbox 438 678 489 722; x_wconf 86' lang='lat' dir='ltr'>(v.</span> <span class='ocrx_word' id='word_1_76' title='bbox 514 677 668 714; x_wconf 85' lang='lat' dir='ltr'>Diudors.</span> <span class='ocrx_word' id='word_1_77' title='bbox 699 678 742 714; x_wconf 78' lang='lat' dir='ltr'>ad</span> <span class='ocrx_word' id='word_1_78' title='bbox 771 677 901 714; x_wconf 73' lang='lat' dir='ltr'>schol:</span> <span class='ocrx_word' id='word_1_79' title='bbox 918 677 1094 724; x_wconf 85' lang='lat' dir='ltr'>Aristoph.</span> <span class='ocrx_word' id='word_1_80' title='bbox 1125 677 1213 714; x_wconf 88' lang='lat' dir='ltr'>Ach.</span> <span class='ocrx_word' id='word_1_81' title='bbox 1245 688 1279 724; x_wconf 88' lang='lat' dir='ltr'>p.</span> <span class='ocrx_word' id='word_1_82' title='bbox 1305 676 1375 713; x_wconf 88' lang='lat'>516</span> <span class='ocrx_word' id='word_1_83' title='bbox 1404 681 1441 714; x_wconf 90' lang='lat' dir='ltr'>et</span> <span class='ocrx_word' id='word_1_84' title='bbox 1463 677 1582 714; x_wconf 88' lang='lat' dir='ltr'>Blom-</span> 
     </span>
     <span class='ocr_line' id='line_1_10' title="bbox 117 730 1582 787; baseline 0.001 -15"><span class='ocrx_word' id='word_1_85' title='bbox 117 736 208 773; x_wconf 82' lang='lat' dir='ltr'>field.</span> <span class='ocrx_word' id='word_1_86' title='bbox 238 737 281 773; x_wconf 85' lang='lat' dir='ltr'>ad</span> <span class='ocrx_word' id='word_1_87' title='bbox 310 737 437 774; x_wconf 86' lang='lat' dir='ltr'>Aesch.</span> <span class='ocrx_word' id='word_1_88' title='bbox 469 738 562 774; x_wconf 90' lang='lat' dir='ltr'>Pers.</span> <span class='ocrx_word' id='word_1_89' title='bbox 595 737 698 782; x_wconf 72' lang='lat'><strong>397.)</strong></span> <span class='ocrx_word' id='word_1_90' title='bbox 726 730 985 782; x_wconf 82' lang='lat' dir='ltr'>composuerat,</span> <span class='ocrx_word' id='word_1_91' title='bbox 1016 740 1144 787; x_wconf 80' lang='lat' dir='ltr'>postea</span> <span class='ocrx_word' id='word_1_92' title='bbox 1174 737 1293 782; x_wconf 78' lang='lat' dir='ltr'>ldyuia</span> <span class='ocrx_word' id='word_1_93' title='bbox 1328 746 1392 773; x_wconf 92' lang='lat' dir='ltr'>sua</span> <span class='ocrx_word' id='word_1_94' title='bbox 1429 746 1582 783; x_wconf 82' lang='lat' dir='ltr'>magnam</span> 
     </span>
     <span class='ocr_line' id='line_1_11' title="bbox 116 792 1386 842; baseline 0.002 -11"><span class='ocrx_word' id='word_1_95' title='bbox 116 799 246 841; x_wconf 82' lang='lat' dir='ltr'>partem</span> <span class='ocrx_word' id='word_1_96' title='bbox 271 792 362 841; x_wconf 73' lang='lat' dir='ltr'>(scii.</span> <span class='ocrx_word' id='word_1_97' title='bbox 387 796 428 832; x_wconf 85' lang='grc' dir='ltr'>ΙΙ.</span> <span class='ocrx_word' id='word_1_98' title='bbox 452 795 508 832; x_wconf 88' lang='lat' dir='ltr'>1v.</span> <span class='ocrx_word' id='word_1_99' title='bbox 534 795 574 832; x_wconf 87' lang='lat' dir='ltr'>V.</span> <span class='ocrx_word' id='word_1_100' title='bbox 601 795 655 831; x_wconf 74' lang='lat' dir='ltr'>Vl,</span> <span class='ocrx_word' id='word_1_101' title='bbox 682 795 722 832; x_wconf 88' lang='lat' dir='ltr'>X.</span> <span class='ocrx_word' id='word_1_102' title='bbox 747 793 833 831; x_wconf 79' lang='lat' dir='ltr'>XIV.</span> <span class='ocrx_word' id='word_1_103' title='bbox 860 793 930 831; x_wconf 82' lang='lat' dir='ltr'>XV.</span> <span class='ocrx_word' id='word_1_104' title='bbox 958 792 1147 842; x_wconf 81' lang='lat' dir='ltr'><strong>[xxvn.])</strong></span> <span class='ocrx_word' id='word_1_105' title='bbox 1172 794 1386 835; x_wconf 80' lang='lat' dir='ltr'>confinxerit.</span> 
     </span>
    </p>
   </div>
  </div>
 </body>
</html>
