1739 2896
814 116 950 183 31χ

105 243 264 290 ineunte
282 234 385 281 xm.
400 233 453 277 ab
473 233 672 276 monacho
697 232 852 291 aEquo,
876 233 1037 289 linguae
1060 242 1252 302 graecae,
1276 230 1386 286 quod
1410 231 1579 275 mendae

106 314 149 355 in
173 321 223 353 eo
250 308 488 356 occurentes
513 308 652 359 aperte
676 303 969 363 demonstrant,
998 302 1162 357 prorsus
1187 296 1328 358 ignaro
1359 299 1499 358 (quae
1514 301 1580 346 res

106 381 159 425 ad
191 368 417 433 augendam
455 374 546 418 libri
580 374 700 420 iidem
725 374 972 432 permultum
1010 374 1123 425 facit,
1169 385 1295 428 quum
1324 372 1493 419 fideliter
1531 373 1599 415 ex'

105 451 325 503 antiquiore
357 445 445 489 cod.
480 446 728 502 desumptuS,
768 446 930 489 omnino
959 444 1071 487 nulla
1100 444 1312 487 scribentis
1349 446 1583 498 conjectura

105 521 331 564 immutatus
355 512 446 573 sit)
457 519 632 571 pessime
661 518 836 580 scriptus
861 521 941 571 est,
972 520 1015 558 ut
1038 515 1198 558 nonnisi
1221 526 1375 556 summo
1401 526 1491 557 cum
1516 514 1582 556 la-

103 591 201 632 bore
231 592 377 642 atque
381 589 555 631 armatis
577 587 706 632 oeulis
729 587 821 647 legi
834 587 974 641 possit.
1036 582 1309 627 Distinctionis
1333 585 1451 638 signa
1473 595 1582 626 non-

102 660 180 701 nisi
201 669 292 711 raro
318 648 541 700 occurrunt
594 646 763 700 Glossae
794 660 989 710 appar-,ent
1016 660 1056 697 et
1079 657 1268 708 conjecta
1288 653 1342 696 ad
1364 655 1583 707 marginem

102 729 274 785 scholia,
300 728 435 783 quoad
454 729 536 783 legi
556 731 742 784 possunt,
769 727 918 781 partim
930 724 1073 768 eadem
1095 736 1186 768 cum
1203 723 1339 779 editis,
1363 725 1506 779 partim
1531 723 1582 766 ab

101 799 180 841 illis
210 798 385 853 diversa,
417 810 522 852 quae
537 795 755 852 (scholia)
781 808 877 838 vero
908 795 963 848 ad
990 807 1028 836 v.
1058 796 1140 837 139
1171 795 1300 848 Idyllii
1324 795 1405 836 VII.
1430 799 1582 837 tantum

64 887 69 889 <
102 872 349 923 procurrunt.
414 868 546 910 Litera
573 868 781 921 incipiens,
814 863 997 920 idyllium
1033 864 1221 919 quodque
1257 864 1484 917 maiuscula
1521 869 1585 907 est

107 943 147 980 et
177 940 297 984 minio
328 939 455 991 picta3
484 953 500 979 ι
530 942 570 979 et
598 950 628 979 v
655 937 804 991 ubique
836 938 921 979 fere
951 940 1100 990 puncto
1127 935 1275 989 duplici
1305 924 1444 977 notata
1467 940 1583 986 sunt3

105 1006 214 1063 quod
244 1018 326 1050 non
355 1007 486 1049 solum
514 1008 558 1049 in
586 1007 717 1050 multis
753 1008 930 1050 omnium
947 1007 1148 1053 ,aetatium
1185 1005 1410 1060 codicibus,
1447 1016 1584 1047 verum

105 1081 221 1121 etiam
229 1080 280 1130 in
293 1078 481 1119 Lascaris
498 1077 737 1120 editionibus
751 1079 949 1132 conspici,
973 1078 1178 1120 Porsonus
1193 1081 1328 1120 monet
1342 1076 1396 1119 ad
1407 1076 1582 1131 Euripid.

105 1146 210 1201 Med.
245 1160 284 1190 v.
324 1148 453 1194 1106.
491 1159 527 1189 v.
564 1148 763 1213 arripiam.
823 1147 933 1190 Idem
969 1149 1122 1202 passim
1156 1148 1212 1190 111
1238 1146 1301 1189 ed.
1336 1146 1500 1200 Aldina,
1542 1152 1585 1189 ut

105 1219 161 1260 Id.
183 1204 279 1273 XV,
312 1220 350 1259 4.
382 1219 447 1264 17.
475 1219 543 1261 28.
570 1209 645 1273 48,
675 1230 879 1272 nusquam
893 1223 1031 1264 autem
1053 1220 1095 1261 in
1119 1218 1425 1263 Gourmontensi
1453 1229 1584 1272 appa-

103 1293 173 1331 ret.
221 1288 423 1340 Summus
431 1289 688 1331 Ruhnkenius
720 1300 779 1331 ex
801 1289 881 1332 hoe
905 1288 994 1332 cod.
1020 1288 1213 1332 nonnulla
1238 1288 1583 1343 Theocr.1dyllia,

103 1363 144 1401 at
173 1358 301 1411 obiter
328 1361 495 1415 tantum,
527 1359 745 1402 contulisse
775 1356 870 1405 1111111
900 1359 1063 1403 videtur.
1126 1357 1240 1414 (vid.
1264 1364 1346 1403 not.
1371 1370 1503 1402 meam
1527 1358 1582 1401 ad

103 1441 139 1471 v.
175 1427 267 1486 11.)
321 1430 396 1472 Hic
427 1429 574 1474 codex·
594 1429 698 1492 (m,
674 1448 680 1463 ·
700 1428 764 1485 ‚2‘4
770 1429 901 1485 apud
931 1420 1153 1485 Gaisford.)
1177 1431 1234 1472 ita
1263 1431 1585 1472 consentit·cum

104 1502 251 1554 optimo
286 1484 594 1555 Mediolanensi,
629 1512 685 1543 ιι.
701 1501 758 1550 32
790 1491 925 1571 (apud
956 1500 1153 1543 Gaisrord.
1189 1498 1278 1556 „‘A‘
1284 1499 1328 1556 ),
1365 1504 1426 1555 ut,
1464 1511 1585 1555 quum

102 1567 301 1623 ejusdem
314 1572 446 1624 atque
457 1564 531 1614 ille
562 1571 704 1613 aetatis
733 1571 801 1625 sit,
830 1568 915 1613 non
939 1573 1069 1625 possit
1092 1582 1175 1614 non
1206 1560 1374 1614 haustus
1404 1582 1500 1614 esse
1531 1581 1582 1614 ex

104 1652 182 1683 uno
215 1636 438 1695 eodemque
468 1641 1408 1692 fonte·

177 1710 274 1753 Con
293 1708 366 1767 Β.]
392 1710 584 1753 Codexn.
606 1711 732 1766 2884,
748 1711 846 1754 olim
860 1711 1128 1764 colbertinus
1149 1711 1417 1765 bombycinus
1434 1713 1586 1766 primae

104 1787 225 1825 notae
245 1793 294 1825 ac
308 1782 465 1838 revera,
492 1781 601 1839 quod
617 1781 670 1825 ad
685 1783 922 1837 scripturam
940 1784 1094 1838 attinet,
1121 1794 1364 1838 quamquam
1379 1782 1431 1825 ob
1447 1780 1585 1846 literas

100 1853 209 1903 justo
237 1854 411 1895 minores
436 1857 476 1895 et
502 1855 634 1908 spatio
657 1853 868 1907 parcendi
872 1864 998 1896 causa
1017 1856 1129 1896 varie
1154 1856 1255 1896 inter
1276 1865 1323 1896 se
1346 1855 1474 1897 nexas
1503 1866 1587 1897 non

105 1924 193 1964 sine
223 1934 371 1977 magna
397 1923 602 1967 oculorum
627 1918 881 1981 contentione
892 1922 987 1979 legi
1011 1928 1161 1980 potest,
1192 1924 1428 1988 splendidus
1453 1929 1588 1968 tamen

31 2027 35 2038 ,
106 1997 145 2034 et
182 1992 234 2035 ab
264 1995 350 2036 viro
388 2005 536 2048 graece
568 1993 799 2037 doctissimo
837 1987 1139 2038 accuratissime
1172 2000 1378 2050 exaratus3
1415 1997 1480 2038 cui
1511 2006 1587 2038 co-

108 2061 187 2106 dici
216 2063 357 2119 verba,
395 2076 502 2118 quae
530 2059 707 2108 indicant
738 2067 826 2119 ejus
864 2067 1031 2121 pretium
1067 2077 1150 2109 non
1178 2065 1404 2127 mediocre
1442 2067 1586 2109 seriori

106 2144 227 2177 manu
243 2133 448 2189 (biblioth.
470 2129 648 2178 custodis
663 2133 919 2192 cuiuspiam)
944 2137 1121 2191 praelixa
1143 2137 1246 2179 haec
1261 2141 1369 2179 sunt:
1395 2137 1472 2179 Rei
1491 2137 1587 2180 lite-

105 2206 244 2257 rar-iae
263 2205 511 2261 permultum
534 2208 718 2256 interest,
742 2207 847 2262 hune
865 2206 1043 2256 codicem
1060 2204 1250 2260 conferri.
1286 2206 1479 2261 Ejusdem
1503 2208 1588 2250 fere

107 2286 157 2316 ac
181 2273 290 2329 prior
314 2279 458 2319 aetatis
484 2282 546 2319 est
570 2282 638 2320 aut
661 2278 782 2337 paulo
807 2280 1021 2333 recentior,
1054 2282 1110 2331 et,
1139 2271 1302 2332 praeter
1331 2278 1525 2331 Aeschyli
1548 2280 1589 2322 et

108 2345 322 2408 Sophoclis
338 2347 568 2403 tragoedias
585 2347 759 2404 aliquas,
785 2360 888 2403 quas
903 2348 1163 2392 Brunckium
1168 2360 1219 2392 ex
1241 2347 1384 2391 eodem
1397 2349 1478 2391 hoc
1497 2348 1587 2392 cod.

109 2418 402 2476 exscripsisse,
427 2418 649 2461 Erfurdtius
687 2416 788 2475 [ed.
809 2419 931 2485 Soph.
967 2420 1046 2463 vol.
1077 2420 1175 2463 VIII.
1213 2432 1251 2474 p
1281 2418 1373 2476 lv.)
1404 2424 1588 2475 testatur,

107 2484 318 2546 Theocriti
338 2500 502 2544 quoque
524 2488 670 2544 idyllia
696 2488 786 2533 XIII
815 2490 967 2547 priora,
978 2491 1179 2547 scholiis,
1210 2501 1315 2546 quae
1340 2491 1391 2534 ab
1416 2490 1588 2546 vulgatis

107 2544 286 2599 nonnihil
296 2558 508 2615 -differuut,
546 2562 738 2603 instructa
771 2561 957 2604 continet.
1018 2562 1150 2603 Prima
1187 2572 1261 2603 sex
1291 2561 1433 2615 Idyllia
1463 2564 1517 2604 ita
1546 2563 1589 2605 in

108 2636 157 2666 eo
195 2638 288 2670 sese
326 2635 561 2684 sequuntur:
609 2631 636 2673 1
675 2631 720 2673 V.
758 2630 821 2673 VI.
853 2631 916 2672 IV.
950 2631 1030 2674 VII.
1061 2631 1124 2674 III.
1186 2632 1353 2687 Reliqua
1383 2630 1601 2687 vulgarem
