1739 2896
118 644 198 686 27.

63 1068 68 1073 η
137 1009 204 1051 28.

137 1529 204 1571 30.

138 1754 205 1793 31.

845 85 900 128 38

247 205 424 248 Ameisio
469 203 738 259 Dubneroque
781 209 821 247 et
861 215 959 258 prae
1002 206 1167 260 ceteris,
1217 207 1285 260 qai
1326 206 1406 260 ipsi
1448 205 1607 249 codices

249 274 348 318 Mss.
372 277 649 331 inspexerunt,
673 274 726 319 ab
751 274 934 329 Zieglero
958 275 1167 329 praeclare
1196 280 1431 318 inchoata
1455 280 1606 333 tantum

247 347 340 388 mihi
369 345 534 388 videtur.
597 345 724 396 Quam
757 345 917 400 vellem,
954 346 1204 391 solertissimi
1238 348 1293 391 illi
1329 349 1606 403 sagacissimi-

248 427 328 471 que
351 416 551 460 Theocriti
576 417 750 460 cultores
757 449 768 472 ,
798 416 1013 460 Alci-entem
1036 416 1127 460 dico
1151 416 1460 474 Berykiumque,
1491 430 1607 461 com-

246 487 435 542 parandis
459 488 573 531 libris
596 489 694 534 MSS.
723 496 886 542 'quoque
917 500 1081 542 operam
1110 495 1346 546 navassent,
1375 502 1531 545 suaque
1554 492 1609 533 ita

249 559 299 602 de
328 562 449 614 poeta
477 563 616 602 nostro
646 561 786 602 merita
815 560 988 614 insignia
1018 559 1306 614 duplicassentl

245 639 651 698 WUESTEMANN]
676 642 866 697 „Theocr.
883 642 1101 697 Reliquiae.
1113 643 1289 698 Recogn.
1306 648 1346 687 et
1358 643 1496 688 illustr.
1513 644 1603 688 Em.

251 712 372 756 Frid.
393 713 685 755 Wuestemann.
740 712 893 756 Gothae
924 718 964 756 et
992 713 1215 768 Errordiae,
1251 714 1476 769 sumptibus
1512 715 1608 758 Guil.

249 784 467 838 HenningS.
487 782 639 827 1830ss
664 781 833 840 [Editio,
858 784 1088 839 „Fi-iderico
1104 777 1296 838 Jacobs'io
1313 783 1475 838 sacta,“
1490 785 1608 840 ‚quod

251 853 304 896 ad
327 850 520 906 ἐξήγησιν
539 856 756 908 praecipue
773 856 926 908 attinet,
951 850 1294 909 praestantissima
1314 860 1353 897 et
1375 867 1479 910 quae
1499 860 1626 898 tanto'

252 926 335 967 viro
368 924 618 967 dedicaretur
654 924 887 980 dignissima
901 922 932 981 l]

249 1008 460 1051 MEINEK.
484 1005 593 1064 ΠΜ]
620 1008 829 1064 „Theocr.,
848 1008 920 1052 Bio
945 1014 984 1052 et
1004 1009 1206 1073 Moschus.
1231 1009 1292 1052 Ex
1315 1021 1476 1064 recogn.
1506 1010 1608 1065 Aug.

250 1078 446 1121 Meinekii.
491 1079 621 1121 Berol.
656 1079 782 1122 1836.
814 1078 908 1136 [Ed.
934 1080 1080 1134 altera,
1112 1091 1235 1135 quae,
1260 1079 1368 1134 quod
1392 1079 1444 1122 ad
1467 1094 1608 1135 κριτι-

252 1145 333 1200 κήν
361 1154 535 1204 spectat,
566 1152 769 1204 superavit
798 1152 952 1204 priores
983 1147 1158 1205 omnes]
1642 1149 1645 1155 “

249 1214 578 1288 BOISSONAD.]
610 1228 786 1288 ,,Θεόκρ.
812 1232 942 1274 Βίων.
968 1228 1165 1282 Μόσχος.
1192 1232 1336 1274 Iterum
1362 1236 1524 1274 curante
1549 1233 1610 1274 Jo.

253 1303 313 1345 Fr.
349 1302 610 1345 Boissonade.
677 1303 840 1345 Parisiis
878 1298 941 1357 ap.
978 1303 1021 1344 L.
1059 1303 1264 1346 Hachette.
1297 1327 1350 1333 —-
1392 1314 1428 1344 a.
1463 1302 1609 1345 1836:“

253 1371 436 1432 [Addidit
471 1374 576 1417 lectt.
613 1374 765 1431 varias,
804 1385 855 1417 ex
887 1371 1016 1417 codd.
1053 1373 1241 1416 Parisinis
1281 1372 1528 1429 desumptas,
1572 1378 1611 1415 et

225 1446 230 1456 '
256 1445 414 1487 notulas
446 1442 713 1516 praeclaras]

250 1524 502 1584 ZIEGLER.]
532 1528 724 1583 „Theocn
758 1526 934 1570 carmina
959 1527 1160 1569 recensuit
1185 1526 1405 1580 Christoph.
1437 1527 1610 1581 Zieyler.

254 1595 460 1652 Tubingae
485 1600 527 1639 in
551 1598 713 1651 bibliop.
738 1598 888 1651 Laupp.
913 1598 1093 1638 London.
1120 1598 1166 1639 D.
1192 1598 1297 1638 Nutt.
1328 1597 1478 1640 1844.“
1516 1597 1610 1652 [Ed.

254 1670 393 1712 critica
422 1670 626 1724 permagni
658 1668 856 1711 habenda.
917 1668 1002 1711 Vid.
1027 1681 1065 1723 p.
1093 1669 1148 1711 32
1176 1673 1214 1711 et
1240 1664 1331 1724 372]

251 1749 445 1806 AMEIS]
476 1752 648 1805 „Poetae
678 1751 810 1792 bucol.
837 1756 876 1792 et
907 1751 1050 1792 didact.
1086 1751 1330 1799 Theocritum,
1361 1751 1481 1800 Bion,
1514 1751 1611 1792 Mo-

253 1822 380 1865 schus.
412 1823 588 1876 Recogn.
620 1827 659 1865 et
689 1822 813 1876 praes.
846 1823 983 1864 critica
1011 1823 1194 1864 instruxit
1224 1821 1267 1863 C.
1293 1821 1353 1863 Fr.
1379 1821 1528 1863 Ameis.
1556 1846 1609 1852 ——

254 1893 472 1947 Nicander,
505 1892 710 1947 Oppianus
743 1898 817 1935 etc.
867 1893 1044 1946 Recogn.
1076 1892 1117 1933 F.
1151 1893 1190 1934 S.
1215 1892 1366 1941 Lehrs,·
1401 1893 1525 1946 praef.
1552 1898 1613 1933 est

254 1965 300 2006 K.
325 1964 459 2007 Lehrs.
486 1987 541 1994 —
573 1964 685 2006 Phile
708 1964 833 2006 lambi
863 1963 912 2006 de
937 1965 1121 2017 propriet.
1147 1964 1390 2018 animalium,
1416 1975 1468 2005 ex
1493 1962 1608 2005 codd.

256 2035 439 2079 emendd.
472 2036 514 2078 F.
546 2036 597 2079 S.
616 2036 743 2079 Lekrs
772 2041 812 2078 et
843 2036 907 2097 Fr·²
935 2034 1112 2078 Ddbner.
1147 2058 1200 2064 —
1232 2035 1421 2085 Parisiis,
1460 2034 1609 2076 editore
1695 2036 1696 2040 ’

254 2108 468 2150 Ambrosio
503 2107 659 2168 Firmin
695 2107 835 2157 Didot,
880 2108 1040 2157 institut.
1084 2118 1166 2161 reg.
1205 2107 1398 2149 Franciae
1445 2110 1611 2160 typogr,

256 2180 323 2221 via*
349 2179 502 2234 Jacob„
535 2179 603 2221 56.
636 2181 682 2220 A.
719 2177 870 2220 1846f‘

343 2260 563 2317 [Theocriti
580 2262 716 2316 editio,
744 2261 851 2315 quod
870 2260 923 2302 ad
944 2261 1111 2303 formam
1131 2266 1304 2320 spectat,
1330 2261 1450 2315 longe
1470 2261 1612 2313 splen--

255 2332 476 2388 didissima,
500 2332 608 2387 quod
629 2332 681 2376 ad
702 2343 786 2376 rem
803 2333 930 2387 ipsam
948 2329 1113 2388 (κρίσιν
1128 2328 1213 2389 sc.)
1229 2328 1416 2387 pertinet,
1440 2341 1612 2373 accura-

254 2406 406 2446 tissima
438 2409 494 2459 et,
530 2405 608 2446 nisi
638 2405 739 2446 forte
769 2415 859 2446 mea
888 2406 929 2445 in
959 2404 1182 2446 Ameisium
1219 2403 1474 2445 observantia
1499 2402 1612 2454 judi-

256 2475 359 2518 cium
396 2476 496 2518 mihi·
524 2478 735 2530 occaecat,
772 2475 944 2517 omnium
981 2485 1085 2529 quae
1123 2475 1201 2517 huc
1237 2485 1366 2529 usque
1404 2474 1445 2515 in
1481 2473 1610 2536 lucem

254 2545 484 2601 prodierunt
519 2549 678 2601 optima.
694 2546 754 2589 ·ld
787 2558 909 2589 unum
934 2545 1051 2589 doleo
1074 2557 1315 2601 querorque,
1341 2544 1464 2600 quod,
1491 2557 1612 2599 prae-

255 2623 373 2661 eunte
404 2619 488 2671 jam
525 2617 628 2660 Aldo
665 2618 840 2661 Manutio
885 2615 961 2673 (cs.
998 2618 1031 2660 J.
1070 2619 1115 2660 Α.
1153 2617 1332 2660 Jacobsii
1372 2618 1497 2669 justas
1536 2617 1612 2658 hac
