1739 2896
815 130 873 168 44

99 240 291 303 Ἐμβαλε
320 247 394 288 καὶ
423 246 688 302 ποτίκροινον.
735 246 778 287 Γ.
805 240 923 296 Ἔχει
952 244 1175 294 κάλλιστοι.
1217 247 1275 290 Π.
1307 237 1529 300 Καθιζῖιυ.

114 329 160 373 Γ.
187 325 237 373 ’Ὠ
268 329 345 378 vag
375 324 580 383 άὸεμάτω
609 329 799 399 ψνχᾶςῇ
832 325 953 383 μόλις
981 324 1112 384 ὔμμιν
1141 327 1334 383 ἐσώθην,
1370 358 1372 360 -

106 510 202 555 que,
235 510 340 554 quae
370 499 420 542 de
445 500 574 543 forma
596 499 744 545 Dorica
767 499 885 547 ἐνδοῖ
910 511 961 550 ex
990 503 1082 545 vett.
1106 511 1271 555 gramm.
1295 513 1417 558 supra
1446 496 1571 556 attuli,

102 573 239 626 itaque
260 572 359 614 mira
378 570 574 625 quaedam
598 581 648 613 ac
672 571 747 630 vix·
765 569 970 614 credibilia
992 571 1110 615 nohis
1132 575 1298 627 exponit
1317 576 1376 617 vir
1398 573 1571 628 doctiss,

103 642 243 684 ὲνὸοῖ
262 642 417 685 scilicet
440 653 523 704 pro
548 640 674 696 ἔνδῳ
699 642 912 696 positum
937 643 1181 697 antiquum
1212 643 1575 699 essedativum,

103 714 160 755 ab
198 713 441 765 adjectivo
473 701 638 766 ἔνδος,
673 712 810 763 ἔ,νὸη
840 711 985 755 ἔνδον
1014 714 1192 756 factum
1224 712 1310 769 (Ὁ.
1368 710 1575 758 'Passowio

103 786 148 827 V.
175 784 232 827 Cl.
262 785 303 827 in
333 795 421 826 voc.
451 782 569 825 ἐνδοῖ
586 786 734 827 rectius
759 795 880 839 quam
908 783 1020 827 ὲνὸοὶ
1049 786 1238 841 scriptum
1269 789 1308 828 et
1339 785 1478 842 „Aeol.
1503 797 1575 841 pro

101 853 281 897 ὲνδοθι“
323 854 468 897 dictum
505 853 668 897 videtur.
696 877 751 884 —-
782 851 988 911 Γοργὼ
1025 855 1140 899 codd.
1178 858 1256 899 mei
1292 861 1339 899 et
1362 859 1454 898 vett.
1485 856 1575 898 edd.

101 928 173 970 Est
194 928 475 981 nominativus,
497 927 749 980 saepissime
756 938 781 968 a
803 927 932 981 poetis
952 937 1025 981 pro
1046 926 1219 970 vocandi
1243 938 1342 970 casu
1363 926 1578 981 adhibitus;

102 993 229 1052 quare
264 997 490 1051 improbare
526 998 632 1039 hanc
667 1008 749 1039 var.
794 997 1006 1040 lectionem
1042 1000 1220 1059 prorsus
1254 1009 1336 1041 non
1379 998 1580 1041 dehebant

101 1058 350 1123 Kiesslingus
384 1073 424 1110 et
455 1069 545 1123 ipse
566 1058 866 1114 Valckenarius.
894 1068 1007 1112 Vers.
1034 1068 1090 1111 66
1121 1058 1161 1112 et
1185 1069 1244 1112 ¹70
1267 1070 1310 1111 in
1332 1067 1447 1112 coddc
1479 1070 1578 1111 meis

100 1143 241 1183 iterum
265 1141 485 1193 iterumque
511 1141 679 1193 ap'paret
699 1134 922 1194 Γοργὼ.-
939 1138 1009 1181 Ad
1021 1140 1127 1181 hunc
1148 1140 1279 1182 locum
1299 1139 1493 1184 adnotare
1517 1140 1578 1181 fas

101 1212 167 1266 sit,
191 1221 296 1265 quae
319 1213 456 1252 monet
480 1209 615 1252 Schol.
637 1209 777 1252 Venet.
802 1208 847 1251 Π.
872 1208 917 1262 Β
938 1209 1041 1267 262,
1062 1210 1222 1253 nomina
1243 1211 1284 1253 in
1305 1205 1340 1252 ὠ
1360 1211 1579 1255 terminan-

102 1284 173 1337 tia,
203 1286 245 1323 ut
269 1278 436 1337 Γοργώ,
466 1276 598 1332 Λητώ
624 1285 716 1336 cet,
743 1282 1027 1337 accusativo
1053 1283 1177 1337 acui,
1208 1282 1251 1323 in
1276 1294 1334 1332 ας
1358 1280 1579 1336 desinentia

44 1402 49 1403 ⁷
102 1357 250 1410 autem,
270 1357 311 1395 ut
334 1349 418 1404 ἠως
443 1351 482 1396 e't
501 1342 634 1401 άίδῶς
656 1349 742 1410 (sic
758 1337 928 1409 habeti)
942 1351 1265 1416 circumflecti
1289 1348 1441 1410 (αἰδῶ,
1466 1349 1562 1409 ἠα·

101 1428 345 1489 assentiente
360 1425 670 1477 Aristarcho,
687 1420 820 1480 Ant-0¹2
839 1426 944 1466 enim
964 1428 1003 1466 et
1022 1420 1175 1465 Πυθὼ
1195 1428 1269 1466 cet.
1284 1435 1361 1490 per
1379 1424 1580 1479 συναλοι-
1601 1429 1605 1436 ’

101 1491 190 1554 φὴν
210 1495 262 1548 τῦ
280 1484 311 1536 ἀ
327 1490 378 1537 ex
391 1456 852 1560 Ammoc,11v’6a5oe[?],
864 1492 976 1536 αἰδοῖ
992 1497 1123 1536 autem
1138 1497 1178 1535 et
1194 1490 1257 1544 ἠῶ
1272 1505 1345 1548 per
1358 1498 1580 1541 contrac-

102 1569 278 1628 tionem
299 1578 350 1608 ex
359 1551 513 1621 cnidda,
529 1561 615 1616 ἠόα
632 1565 738 1607 facta
757 1576 862 1607 esse.
894 1562 1170 1626 obloquuntur
1186 1563 1332 1621 ibidem
1349 1565 1579 1608 Aristarcho

103 1637 327 1693 complures
370 1599 639 1691 Grammatici,
687 1639 729 1677 ut
772 1635 1035 1689 Dionysius
1078 1618 1283 1690 Sidonius,
1330 1635 1398 1690 qui
1440 1636 1579 1679 omnes

101 1711 200 1751 istos
245 1709 502 1766 accusativos
545 1711 689 1759 acut03
732 1704 1009 1762 Pamphilus
1053 1711 1092 1749 et
1134 1705 1400 1760 Dionysius
1438 1692 1580 1761 Thrax,

100 1780 169 1834 qui
204 1764 370 1821 eosdem
408 1776 461 1821 ad
503 1789 624 1821 unum
661 1789 802 1828 omnes
838 1776 984 1819 inflexo
1021 1788 1124 1821 sono
1162 1778 1293 1829 notari
1328 1776 1484 1820 docent
1525 1801 1577 1807 -—

101 1851 385 1893 Constantinus
421 1839 540 1892 Lasc.
573 1835 743 1892 Gramm.
778 1848 843 1891 III.
885 1860 924 1903 p.
958 1848 1011 1890 23
1050 1842 1322 1900 accusativum
1352 1844 1506 1899 Λητόοι
1543 1853 1582 1890 et

68 1947 72 1951 -
101 1917 232 1981 Λητὼ
256 1916 441 1977 profert.
455 1895 620 1975 Nomen
644 1914 794 1975 αἰδώς,
819 1918 855 1960 ὦ
877 1917 1025 1962 ibidem
1053 1917 1158 1960 facit.
1211 1917 1425 1964 Dorvillius
1450 1922 1581 1961 autem

102 1991 154 2033 ad
186 1983 373 2051 Chariton
394 2003 431 2045 p.
440 1991 557 2033 216.
585 1990 718 2041 Λητώ’
743 1995 782 2032 et
804 1988 868 2040 ἠοῖ
890 1990 1082 2044 probavit.
1103 1987 1144 2045 ¹]
1193 1989 1352 2046 Γοργοῖ
1371 1989 1433 2032 ed.
1459 1989 1578 2032 Gaiss

47 2086 49 2088 >
101 2074 153 2106 ex
188 2062 314 2106 tribus
351 2065 502 2105 tantum
538 2049 666 2119 codd„
696 2062 799 2105 inter
828 2072 930 2117 quos
960 2059 1054 2117 „}1“
1091 2058 1209 2117 (cod.
1238 2058 1425 2142 Mediol.)
1464 2060 1580 2105 valde

99 2145 241 2178 recens
271 2138 351 2187 est;
395 2144 493 2188 ergo
525 2143 669 2188 pamm
700 2132 873 2181 firmatur
902 2133 972 2174 hic
997 2134 1217 2189 vocativus.
1250 2155 1304 2161 —
1336 2130 1393 2180 ὠς
1421 2128 1592 2194 χρόνος

101 2205 210 2249 ἰῶτα
234 2217 315 2248 ιιοιι
340 2204 586 2260 subscripto,
611 2202 759 2247 habent
783 2202 871 2247 edd.
898 2203 940 2246 Z.
962 2202 1062 2249 Kall.
1089 2207 1128 2247 et
1152 2203 1307 2257 Morel.;
1333 2215 1436 2258 quae
1460 2203 1579 2247 lectio

100 2279 178 2332 ipsi
209 2276 472 2320 Valckenario
504 2274 578 2332 (ut
607 2276 803 2331 genitivus
834 2275 886 2318 ab
919 2276 1067 2318 omisso
1099 2270 1175 2317 διὰ
1205 2273 1371 2332 rectus)
1417 2273 1578 2327 ferenda

103 2348 267 2391 videtur.

192 2432 375 2475 Ceterum
406 2429 464 2480 ὡς
499 2426 642 2487 χρόνῳ
673 2429 774 2472 idem
815 2434 875 2474 est
900 2427 1106 2484 atquecbg
1135 2429 1289 2485 μακρῷ
1318 2424 1463 2485 χρόνῳ
1493 2427 1576 2485 (ct.

178 2620 209 2665 ¹)
234 2619 319 2656 Cum
345 2619 522 2656 Constant.
547 2620 644 2658 Lasc.
671 2620 799 2656 faciunt
822 2619 1013 2655 Buttmann.
1042 2619 1098 2656 Gr.
1116 2619 1216 2664 ampl.
1243 2618 1266 2653 1.
1294 2629 1326 2665 p.
1347 2618 1517 2673 86-88,
1544 2622 1578 2654 et

105 2679 276 2726 Goettling
307 2679 349 2716 de
381 2682 525 2716 accentt.
559 2681 590 2722 §—
623 2679 683 2723 26;
720 2681 800 2716 item
833 2677 984 2715 editores
1015 2679 1143 2715 noviss.
1176 2677 1350 2715 Thesauri.
1384 2678 1424 2716 H.
1457 2678 1575 2724 Steph.
