1739 2896
771 132 826 173 14

53 246 169 301 Petit,
176 245 197 269 ‘¹
226 246 386 301 prodiit,
412 257 463 288 ex
488 244 733 291 bibliotheca
756 247 1086 310 Heidelbergensi
1110 248 1284 305 benigne
1314 250 1408 305 milli
1427 253 1538 294 misit

54 317 124 360 Ch.
150 318 354 361 Baebrius.
380 317 425 358 V.
451 314 523 373 C)
554 318 728 372 itemque
752 318 936 375 Parisina
966 317 1335 380 Goumomusm,
1365 320 1428 363 sic
1457 331 1557 375 eit--

54 388 188 430 hibat
223 451 302 501 Ων
324 453 448 512 εἶδες,
478 451 577 509 λῶυ
603 454 723 513 εἶπας
749 457 897 501 ἰδοῖσα
926 453 983 500 τὺ
1010 456 1073 527 τῷ
1100 454 1161 514 μὴ
1188 454 1342 515 ἰδόντι·
1404 507 1407 511 ,
1433 459 1435 462 ’

141 528 304 571 Haecce
327 530 444 571 istius
467 540 610 571 versus
635 530 763 571 forma
786 531 828 572 in
842 528 941 573 cdd.
966 534 1072 585 vett„
1086 527 1358 589 ‘Wecheliana
1384 529 1534 587 (Paris.

53 610 89 640 a.
116 597 270 654 1543),
296 599 579 641 Camerariana
603 595 666 653 (a.
693 598 845 655 1530),
869 604 1039 654 utraque
1055 600 1306 644 Brubacensi
1330 598 1393 659 (a.
1422 603 1534 644 1545
1609 640 1616 647 ,

53 674 93 711 et
126 667 286 725 1558),
322 669 545 711 Moreliana
576 668 732 725 (Paris,
764 681 799 722 a.
835 667 987 724 1561),
1020 669 1294 715 Commeliaua
1318 669 1382 726 (a,
1411 672 1536 726 1603,

0 740 3 750 '
53 739 116 782 ed.
140 739 192 782 ab
217 740 265 781 D.
290 737 493 796 Heinsio),
518 740 766 794 Vignonensi
784 737 853 795 (a.
876 737 1034 800 1620),
1061 739 1299 795 Glasguensi
1321 738 1383 796 (a.
1410 742 1537 796 1746,

53 821 159 863 quae
185 821 235 851 ex
261 810 534 852 Commeliana
559 814 621 852 est
645 808 828 865 hausta),
856 809 1099 867 Reiskiana3
1126 811 1300 864 itemque
1324 812 1365 853 in
1387 822 1537 853 reeen-

53 879 219 922 tioribus
251 879 435 923 omnibus
466 880 523 923 ad
544 878 874 934 Gaisfordianam
904 891 1031 935 usque
1059 879 1164 924 nihil
1185 883 1247 940 cst
1266 882 1536 933 immutatum,

53 955 336 1004 praeterquam
368 950 487 1004 quod*
507 951 714 1005 Morelius,
746 951 1036 993 Valckenarius
1067 955 1108 993 et
1137 950 1287 993 Gailius
1319 949 1387 1007 (in
1415 954 1537 1006 priori

52 1032 128 1063 sua
159 1020 363 1076 editiones
379 1030 471 1063 nam
503 1022 545 1063 in
576 1021 701 1063 altera
726 1019 897 1076 omisit)
914 1025 1007 1075 post
1031 1017 1151 1069 εἶπας
1179 1032 1339 1064 comma
1363 1020 1535 1071 addide-

51 1091 156 1147 runt,
183 1090 293 1146 quod
316 1093 511 1135 seriorum
529 1090 724 1135 editorum
744 1091 941 1148 nonnulli,
965 1096 1008 1135 ut
1023 1091 1278 1146 Kiesslinqus
1301 1090 1364 1147 (a.
1384 1090 1536 1148 1819),

53 1162 318 1217 Gaisl'ordiuS,
361 1162 424 1205 Jo.
462 1162 566 1217 Aug
602 1161 819 1205 Jacobsius
857 1160 926 1218 (in
961 1164 1307 1217 praestantissima
1343 1162 1534 1216 editione,
1600 1190 1607 1196 κ

53 1244 161 1287 quae
190 1195 318 1297 Halae
340 1232 486 1287 prodiit
511 1245 546 1274 a.
576 1231 728 1288 1824),
743 1238 984 1287 servarunt,
1016 1233 1098 1288 alii,
1129 1238 1172 1275 ut
1197 1234 1535 1290 Wuestemannus

52 1301 115 1358 (a.
140 1302 293 1358 1830),
317 1302 627 1357 Boissonadius,
653 1303 860 1357 Zieglerus
877 1301 941 1359 (a.
966 1302 1106 1359 1844)
1122 1308 1368 1358 spreverunt,
1415 1303 1536 1346 Gais-

50 1372 220 1428 sordius,
249 1374 328 1415 nisi
357 1367 492 1427 fallor,
523 1375 672 1427 primus
703 1373 754 1415 ιδ
760 1388 828 1428 ες
859 1385 932 1427 pro
964 1370 1088 1428 εἶδες,
1126 1373 1299 1427 admisit,
1337 1372 1447 1426 quod
1483 1384 1535 1415 ex

51 1443 261 1487 codicibus
290 1443 558 1498 desumptum,
592 1443 783 1498 Gregorio
810 1440 1075 1486 Grammatico
1104 1445 1144 1495 §.
1175 1444 1260 1498 134
1285 1448 1325 1486 et
1362 1443 1534 1497 denique

50 1526 207 1557 summo
239 1508 467 1557 Godofredo
494 1514 723 1556 Hermanno
756 1514 967 1569 probatum
998 1511 1101 1570 (vid.
1128 1514 1299 1569 Zieglcri
1322 1519 1457 1556 notam
1483 1510 1535 1556 ad

50 1586 88 1628 h.
104 1584 168 1641 v.)
181 1585 404 1628 Meinekius
423 1587 586 1640 recepit,
606 1590 765 1641 textum,
784 1586 998 1641 nonnullis,
1024 1597 1127 1640 quos
1142 1585 1306 1628 denotat
1318 1585 1534 1640 Zieglerus,

51 1655 258 1698 codicibus
285 1656 568 1710 annuentibuS,
599 1658 654 1698 ita
684 1657 917 1698 immutans:
1192 1644 1200 1650 ⁷

192 1719 271 1767 Ὧν
290 1725 387 1774 ,ἴδες
416 1719 476 1767 ὧν
506 1722 626 1773 εἶπας
654 1725 732 1768 καὶ
760 1720 906 1768 ἰδοῖἅοι
935 1723 991 1768 τὺ
1020 1725 1082 1780 τῷ
1110 1721 1169 1779 μὴ
1200 1712 1347 1767 ἰδόντι.
1382 1779 1385 1780 ⁷

108 1818 114 1824 ,
139 1796 268 1847 Quam
298 1797 417 1849 hujus
447 1808 591 1838 versus
624 1797 791 1838 sormam
822 1796 1028 1851 Zieglerus
1067 1808 1229 1851 quoque
1267 1794 1445 1849 exhibet,
1472 1796 1535 1837 ,ita

52 1872 186 1909 tamen
221 1872 265 1909 ut
300 1878 374 1921 pro
405 1864 526 1915 εἶπας
538 1868 760 1920 scripserit
795 1864 944 1921 εἶπες,
981 1866 1199 1922 adnotanS,
1239 1866 1430 1922 „codices
1460 1865 1532 1919 pro

51 1936 172 1985 εἶπας
207 1942 343 1980 tenere
380 1939 569 1980 aoristum
592 1949 689 1980 sec.
726 1930 879 1991 ιεῖπεςῂι
926 1949 1006 1992 qua
1048 1939 1087 1980 in
1129 1949 1173 1980 re
1211 1939 1371 1992 erravit,
1414 1949 1534 1992 quum

51 2010 223 2052 Parisini
253 2008 434 2064 codices,
467 2019 570 2063 quos
602 2008 786 2063 equidem
819 2009 984 2064 contuli,
1015 2009 1051 2050 A
1083 2013 1122 2052 et
1154 2008 1185 2051 C
1214 2019 1377 2080 nempe,
1396 2018 1533 2063 prae-

51 2080 174 2122 beant
204 2076 334 2127 εἶπας.

140 2150 184 2192 ln
216 2149 305 2192 cod.
337 2149 520 2193 Parisino
551 2161 641 2192 meo
672 2150 708 2192 A
739 2160 881 2192 versus
912 2150 988 2192 iste
1018 2150 1080 2192 sic
1110 2149 1340 2193 exhibetur:

134 2215 212 2262 Ων
239 2221 376 2269 ἴδες·
419 2213 516 2271 ,ᾐιῖν
556 2218 691 2268 εἶπας
723 2225 750 2263 ι’.
787 2236 823 2263 τ.
862 2236 897 2262 τ.
936 2235 978 2273 μ.
1016 2224 1042 2262 l.
1070 2218 1240 2276 (Quam
1276 2221 1534 2305 scriptionem

52 2296 215 2333 secutus
248 2295 311 2333 est
338 2289 561 2345 Gaist‘ord.)

141 2362 186 2404 In
217 2361 305 2405 cod.
336 2373 428 2405 meo
461 2361 492 2405 C
522 2359 629 2410 εἶδες
660 2366 700 2404 et
730 2373 802 2417 pro
834 2366 1003 2417 utroque
1033 2365 1182 2418 puncto
1213 2360 1345 2404 medio
1376 2370 1535 2403 comma
1568 2391 1571 2394 -

51 2438 251 2488 apparet
1146 2465 1147 2468 η

141 2504 233 2546 Non
263 2509 325 2547 est
351 2505 460 2559 quod
488 2516 690 2559 moneam,
721 2504 818 2555 illud
841 2504 928 2554 ἴδες
954 2503 1006 2560 (υ
1037 2501 1119 2561 ——-)
1150 2508 1277 2547 metro
1303 2513 1386 2545 non
1409 2504 1534 2544 satis-

51 2575 205 2635 lacere,
232 2586 369 2630 quum,
394 2580 554 2619 servato
571 2572 636 2627 χ’,
662 2575 868 2630 spondeus
886 2562 1020 2631 (εἶδες
1033 2572 1104 2630 χ’)
1121 2586 1204 2617 non
1218 2572 1375 2616 iambus
1397 2571 1534 2629 (ἴδες)

49 2651 251 2700 poscatur.
287 2647 338 2689 At
354 2657 450 2689 vero
473 2646 580 2701 quod
597 2647 649 2690 ad
664 2641 1020 2701 interpunctionem
1044 2647 1198 2699 attinet,
1223 2647 1361 2688 notatu
1378 2643 1535 2699 dignis-
