1739 2896
791 165 851 220 ii

75 294 145 339 76.-
168 298 446 350 memoratam,
470 293 576 338 hano
600 293 787 339 ancillam
800 289 923 351 ‘essm
954 284 1103 353 primus
1127 296 1280 351 putavit
1303 294 1558 351 Efficimu-

72 365 180 420 πω]
210 367 252 407 in
274 366 409 407 limine
433 366 562 418 primo
586 365 663 409 sibi
688 365 823 419 obvia,
855 367 1026 420 quaerit,
1055 375 1153 415 nrum
1182 366 1294 419 domi
1315 365 1483 423 (intuo)
1503 369 1562 426 sit

73 435 239 477 domina
262 433 405 489 (Prax.
431 433 559 491 scii).
593 459 647 465 ——
687 435 845 477 Ancilla
873 439 1087 489 postquam
1105 436 1418 480 admirationem
1442 448 1577 492 suam·
1598 472 1619 481 ..

75 505 343 561 dij-Gorgonis
365 503 541 553 adventu
565 505 806 548 suavissimo
829 505 1054 559 diutiusque
1070 502 1307 560 exspectato
1326 507 1389 552 bis
1406 507 1558 561 verbis,

72 572 219 631 Γοργώ
259 573 341 632 [sic
373 575 491 630 codd.
521 578 600 619 mei
639 581 678 618 et
708 575 797 618 edd.
829 573 945 633 vett]
975 570 1105 635 mace,
1140 573 1198 625 ὥς
1226 572 1395 633 χρόνῳ
1426 578 1557 632 signi-

72 646 224 688 licavit:
252 646 452 689 dominam
477 648 587 689 intus
610 656 699 689 esse
715 644 947 700 respondet.
998 645 1199 689 Praxinoa
1217 652 1377 703 autem,
1391 648 1557 703 GorguS,

71 717 243 771 amicae,
268 728 429 772 vocem,
458 728 508 760 ex
528 714 678 759 diutina
699 705 988 759 consuetudine
1007 718 1154 771 optime
1178 716 1257 759 sibi
1274 722 1427 774 notam,
1451 721 1556 761 intus

70 786 112 827 in
129 784 248 828 domo
261 786 453 841 audiens,
472 786 560 830 sine
578 784 692 828 mora
710 787 997 839 celerrimeque
1010 780 1119 828 foras
1135 797 1183 827 se
1201 790 1360 841 promit,
1386 791 1557 830 amicam

72 863 306 910 exceptura3
334 859 398 900 cui
416 862 459 900 ut
477 859 644 912 primum
657 857 846 912 occurrit,
871 861 1039 912 stupens
1058 862 1136 900 neo
1148 868 1231 900 non
1246 856 1395 913 gaudio
1411 858 1556 902 affecta

70 927 285 970 acclamat:
310 922 478 980 mirum,
503 931 544 971 et
564 939 670 970 nme
694 927 855 971 tmdem
874 924 918 970 'te
942 928 1110 970 adesse!
1129 925 1338 983 [subaudi:
1361 931 1554 980 ,ste'erdm

68 1007 278 1051 nunquam
313 998 492 1053 amplius
520 999 577 1041 ad
610 1009 677 1040 me
710 1001 922 1041 venturam
956 1009 1062 1051 esse,
1100 1010 1123 1041 e
1153 999 1345 1042 diuma
1373 999 1557 1042 absonia

70 1070 142 1110 tua
171 1079 388 1122 coeperam
417 1063 705 1125 aspicanflj'
739 1069 897 1112 Interea
931 1071 973 1112 in
1009 1069 1205 1112 conclave
1242 1071 1451 1125 intrarunt,
1486 1069 1556 1112 ubi

68 1138 241 1194 Eunoa,—
261 1138 427 1195 ancilla,
453 1143 667 1195 postquam
693 1132 970 1183 curiosissime
989 1139 1177 1195 et'quam
1199 1144 1372 1196 poterat,
1409 1140 1556 1194 optime

69 1209 212 1253 sedem
243 1209 465 1266 adaptavit,
498 1210 551 1253 ad
583 1210 783 1253 dominam
815 1209 1094 1265 hospitemque
1124 1212 1241 1252 simul
1267 1213 1355 1263 eJus
1385 1213 1555 1252 amicam

68 1288 284 1323 conversa:
318 1280 492 1335 Optime,
522 1282 665 1336 inquit,
695 1291 742 1323 se
764 1281 885 1324 habet
907 1279 995 1338 [res
1019 1281 1125 1335 scil}
1155 1282 1317 1336 „onmia
1342 1278 1552 1336 praestost

66 1350 256 1407 liberius,
285 1354 328 1394 at
364 1358 417 1393 ex
453 1362 580 1394 sensu
608 1353 726 1394 vertit
754 1351 981 1406 Zamaqna,
1011 1348 1169 1408 Italus}
1230 1351 1450 1406 Deinceps,
1484 1350 1556 1392 ubi

67 1423 220 1476 omnia,
264 1433 369 1475 quae
410 1410 638 1464 necessitas
674 1422 885 1477 flagitaret,
920 1420 983 1464 'ab
1021 1422 1169 1464 ancilla
1207 1424 1403 1475 apparata
1444 1425 1554 1475 sunt,

67 1491 270 1538 Praxinoa
302 1491 463 1534 domina
493 1490 685 1534 admonet
708 1493 897 1540 amicam:
925 1491 1025 1533 {lam
1047 1491 1216 1534 sedeas!
1240 1491 1364 1533 Simul
1388 1501 1440 1533 ac
1463 1489 1553 1533 sedi

68 1562 248 1604 incubuit
261 1561 411 1617 Gorgo,
435 1563 574 1617 incipit
597 1573 776 1617 narrare,
802 1570 1070 1617 quaecunque
1093 1564 1135 1605 in
1158 1563 1299 1605 itinere
1315 1560 1394 1618 (ab
1421 1560 1554 1604 domi·-

67 1632 161 1674 cilio
192 1642 268 1675 suo
300 1632 353 1674 ad
383 1632 489 1675 lianc
518 1626 745 1675 Praxinoae
777 1632 937 1675 domum
975 1630 1131 1689 usque)
1167 1634 1268 1675 mira
1303 1632 1554 1686 molestaque

67 1703 146 1746 sibi
177 1704 394 1745 evenerint.

156 1772 335 1815 Posthac
357 1769 476 1827 (inde
491 1772 544 1814 ab
562 1784 598 1814 v.
621 1773 731 1814 li-
737 1770 820 1828 21)
846 1772 899 1815 ad
918 1773 1038 1815 aliam
1055 1765 1311 1827 colloquendi
1326 1774 1553 1827 materiam,

66 1843 233 1886 maritos
248 1842 405 1886 scilicet
421 1838 703 1896 dijudicandos
720 1842 1047 1899 carpendosque,
1073 1854 1185 1886 more
1203 1843 1321 1885 solito
1346 1846 1555 1885 transeunt

65 1913 343 1967 mulierculae,
356 1911 511 1956 —donec
541 1913 703 1973 tandem
734 1914 951 1968 aliquando
982 1913 1339 1968 Gorgofadmonet
1361 1915 1553 1967 amicam,

65 1983 190 2026 eundi
206 1985 371 2038 tempus
401 1993 491 2026 esse
520 1980 583 2038 (v.
610 1981 693 2039 26)
725 1988 801 2026 etc.
856 1983 945 2026 Hoc
964 1983 1114 2039 ¹modo,
1146 1982 1256 2037 quod
1286 1993 1364 2037 ego
1390 1982 1552 2037 quidem
1609 1998 1618 2007 ³

67 2054 226 2109 opinor,
258 2064 311 2095 ex
340 2057 435 2095 voto
462 2052 611 2095 cedunt
641 2055 791 2109 omnia,
821 2063 1052 2108 sensusque
1082 2053 1379 2108 placidissimus
1411 2065 1434 2095 e
1466 2055 1553 2107 pri-

65 2124 245 2166 moribus
275 2126 363 2167 istis
388 2121 572 2166 versibus
598 2116 718 2185 nobis
743 2126 938 2179 provenit.
1001 2124 1045 2167 Si
1075 2125 1141 2166 cui
1170 2124 1273 2170 sorte
1302 2123 1429 2175 verba
1458 2125 1552 2179 ista,

21 2226 24 2229 .
65 2190 216 2250 Γοργὼ
253 2194 382 2253 φίλοι,
424 2190 483 2242 ὥς
514 2190 685 2250 χρόνῳς
722 2194 775 2236 ab
817 2191 970 2237 ancilla
1004 2193 1057 2236 ad
1089 2194 1346 2236 kerae'suae
1377 2197 1553 2236 amicam

66 2265 230 2308 liberius
255 2265 521 2320 licentiusque
547 2264 655 2307 dicta
678 2264 906 2307 videantur:
930 2266 967 2307 is
990 2264 1089 2307 velit
1102 2268 1304 2320 reputare,
1327 2264 1552 2319 mulierum,

67 2346 172 2389 quae
197 2340 278 2378 tam
302 2334 513 2390 mediocri,
538 2325 660 2389 qu'am
683 2336 786 2377 istae
811 2339 991 2390 nostrae,
1019 2335 1247 2377 conditione
1270 2339 1447 2396 utuntur,
1473 2346 1552 2376 an*

67 2406 198 2461 cillas,
238 2405 348 2461 quod
386 2404 439 2448 ad
476 2408 751 2448 auctoritatem
783 2405 1095 2461 dignitatemque
1131 2404 1296 2465 adtinet,
1337 2404 1553 2459 haudqua-

66 2486 189 2531 quam
227 2476 436 2531 tantopere
474 2475 527 2518 ab
568 2476 806 2519 dominabus
838 2477 1002 2532 distare,
1039 2480 1083 2519 ut
1117 2486 1215 2530 non,
1252 2476 1486 2529 praesertim
1515 2477 1552 2518 si

63 2558 138 2601 per
170 2546 394 2594 diuturnum
413 2549 499 2601 jam
524 2552 681 2601 tempus
706 2548 880 2598 familiae
904 2551 997 2590 sunt
1013 2546 1249 2600 adscriptae
1274 2545 1434 2599 fidoque
1458 2556 1552 2588 ser-

63 2619 158 2659 vitio
192 2616 243 2659 de
275 2628 325 2659 ea
360 2616 466 2660 bene
496 2619 678 2672 meritae,
709 2618 791 2660 tale
816 2618 919 2672 quid
942 2614 996 2660 ad
1019 2618 1149 2671 ipsam
1180 2615 1380 2659 dominam
1412 2619 1551 2670 ejusve

62 2689 233 2730 amicam
265 2687 440 2742 aliquam
472 2689 622 2744 passim
655 2687 829 2729 audeant
859 2687 1055 2741 proferre,
1087 2686 1242 2729 servilis
1273 2695 1372 2730 suae
1403 2686 1549 2730 condi·-
