1739 2896
857 92 880 132 2

126 208 254 261 edidi;
288 209 337 251 de
370 209 514 262 quibus
547 209 705 250 minutis
737 209 877 250 Musae
910 220 1024 250 meae
1062 209 1239 262 primitiis
1279 203 1503 261 complures
1535 210 1606 249 viri
1668 207 1674 209 ’

126 278 234 321 docti
264 282 343 321 tam
373 277 547 343 benigne
572 280 734 332 tamque
759 276 1010 337 indulgenter
1033 277 1194 331 publice
1222 274 1605 342 pronunciamnw)

125 355 167 392 ut
198 346 374 391 omnium
407 349 635 390 suavissimi
666 347 907 390 Simichidae
928 345 970 403 ²)
1002 347 1255 401 reliquiarum
1287 340 1517 402 editionem,
1555 358 1607 393 ex

125 419 300 461 lontibus
313 419 496 460 haustam
509 422 548 459 et
561 418 709 459 criticis
723 421 843 471 atque
858 418 1075 472 exegeticis
1088 414 1131 473 ³)
1144 419 1250 459 notis
1267 420 1459 473 ornatam,
1478 418 1607 463 sarius

125 491 239 531 o'cius
266 500 405 530 curare
431 488 689 530 decreverim.
719 488 859 541 Itaque
875 490 1016 542 paucis
1032 492 1125 542 post
1141 488 1347 530 mensibus
1369 487 1607 530 florentissi-

115 570 229 601 mam
247 559 633 612 pulcherrimamque
646 558 1000 611 Francogallorum
1019 558 1173 613 urbem,
1199 559 1390 611 inclytam
1407 558 1608 600 literarum

124 629 279 682 sedem,
305 629 482 670 Parisios
497 628 576 669 adii
583 645 601 681 ,·
618 627 752 680 ibique
764 628 810 669 in
820 622 1214 681 Ubliofficca'rcgia,
1235 640 1356 670 manu
1372 630 1608 682 scriptorum

123 698 303 740 ubertate
327 697 516 739 librorum
539 698 702 750 insigni,
735 700 789 751 et,
822 696 931 750 quod
953 709 1036 739 non
1060 699 1148 739 sine
1173 697 1347 750 quadam
1372 699 1492 739 animi
1517 698 1606 739 ela-

122 769 230 809 tione
242 767 393 809 Hasius
406 765 535 821 (illius
551 767 819 815 bibliothecae
832 771 1102 821 conservator,
1126 768 1185 808 vir
1201 766 1465 821 doctissimus,
1484 778 1607 820 repe-

124 836 244 879 tenda
270 837 442 879 editione
474 837 668 878 Thesauri
693 837 951 890 Stephaniani
976 848 1083 879 nunc
1106 838 1148 879 in
1177 838 1313 891 primis
1347 835 1506 892 clarus)
1531 833 1607 879 nos

123 909 289 961 monuit,
313 909 460 949 veteris
472 907 775 949 Aleoeoetdrinae
796 907 1093 960 quodammodo
1112 907 1289 958 aemula,
1316 908 1515 950 Theocriti
1531 918 1607 956 co-

123 977 234 1019 dices
260 977 385 1036 MSS„
411 988 565 1030 eosque
589 963 888 1031 antiquissimos
907 977 1177 1019 Parisinorum
1202 978 1473 1032 optimosque,
1504 989 1608 1031 quos

121 1048 224 1092 infra
238 1049 279 1089 in
297 1047 487 1089 librorum
508 1052 548 1089 et
566 1048 723 1089 calamo
735 1044 990 1090 exaratorum
1010 1052 1049 1089 et
1063 1049 1170 1101 typis
1189 1059 1491 1103 expressorum,
1510 1049 1608 1102 *qui-

121 1117 197 1159 bus
222 1129 320 1159 usus
348 1129 452 1172 sum,
479 1117 611 1159 indice
636 1118 815 1171 pluribus
837 1129 925 1159 sum
945 1117 1229 1171 descripturus.
1272 1118 1420 1175 Eorum
1441 1119 1607 1172 primus,

120 1198 285 1229 numero
314 1187 441 1232 2831.
466 1189 697 1241 insignitus,
724 1189 913 1241 omnium,
941 1189 1008 1241 qui
1031 1187 1087 1228 ibi
1112 1177 1388 1242 asservantur,
1414 1184 1503 1229 sine
1528 1187 1609 1229 ulla

123 1257 368 1299 dubitatione
385 1259 684 1311 antiquissimus
705 1255 766 1311 (si
785 1269 868 1300 non
884 1257 978 1312 XII„
1002 1261 1112 1299 certe
1129 1257 1229 1299 XIII.
1243 1256 1422 1312 saeculi)
1440 1259 1530 1311 ipse
1542 1258 1608 1299 ille

121 1327 217 1368 mihi
230 1326 387 1368 videtur
408 1337 519 1381 esse,
546 1337 666 1380 quem
682 1326 795 1369 divus
814 1323 1071 1377 Ruhnkenius
1085 1324 1153 1381 (at
1167 1326 1394 1380 promiscue
1410 1325 1606 1401 tantuml]

122 1397 316 1453 inspexit3
309 1395 373 1454 4)
399 1396 515 1454 alter,
540 1409 578 1440 ιι.
607 1397 734 1441 2884.
760 1400 932 1465 notatus,
957 1399 992 1455 is
1019 1401 1097 1453 est,
1129 1409 1248 1453 quem
1273 1397 1496 1451 Brunckius
1526 1395 1610 1440 ιιοιι

122 1468 244 1509 ιιιοᾶο
275 1468 327 1510 ad
358 1467 558 1510 edendum
588 1471 749 1522 poetam
778 1457 974 1522 nostrum,
1006 1462 1081 1510 sed
1112 1469 1230 1524 etiam
1261 1467 1313 1510 ad
1339 1467 1608 1512 restituendas

123 1533 339 1593 Sophoclis
354 1537 551 1593 quasdam
563 1524 794 1593 tragoedias
813 1532 1011 1592 adhibuit3
1029 1540 1164 1581 tertius
1178 1539 1610 1593 estn.169.,antehac

123 1620 161 1650 ιι.
181 1609 294 1663 316.,
318 1608 589 1650 coislinianus
615 1609 833 1663 (piendam,
863 1604 1037 1650 omnium
1058 1608 1406 1662 splendidissimus
1424 1613 1464 1650 et
1489 1619 1628 1662 quum>

124 1677 176 1719 ob
189 1679 412 1731 scripturae
425 1678 760 1731 magnificentiam
773 1688 823 1719 ac
834 1679 1019 1732 nitorem,
1045 1682 1127 1720 tum
1138 1680 1311 1720 maxime
1325 1671 1378 1720 ob
1394 1677 1609 1720 lectionum

125 1747 371 1822 elegantiam
397 1752 518 1802 atque
547 1749 854 1803 praestantiam,
885 1750 960 1791 etsi
984 1746 1085 1791 XIV.
1118 1747 1275 1791 demum
1299 1749 1334 1791 is
1365 1747 1519 1791 saeculi
1542 1750 1608 1804 sit,

123 1814 285 1860 maximi
315 1823 451 1861 tamen
481 1818 716 1871 faciendus3
749 1830 852 1873 quos
883 1830 1023 1867 omnes
1048 1823 1147 1873 non,
1178 1824 1221 1861 ut
1249 1820 1432 1861 fecerunt.
1455 1821 1609 1862 hucus-

124 1899 205 1943 que
235 1887 407 1944 plurimi,
439 1888 568 1931 obiter
598 1889 758 1943 inspexi
788 1892 856 1931 aut
887 1888 937 1931 de
968 1889 1136 1944 singulis
1161 1893 1312 1933 tantum
1336 1889 1438 1933 locis
1463 1889 1608 1932 diffici-

123 1959 290 2002 lioribus
304 1960 504 2014 consului,
523 1959 602 2002 sed
621 1959 923 2014 diligentissime
938 1962 1345 2014 constantissimeque
1362 1961 1608 2014 comparavi,

200 2191 231 2236 1)
256 2191 360 2228 me:
386 2192 568 2240 Leipziger
590 2192 903 2239 Literatnrzeitung
929 2194 962 2229 7.
988 2192 1072 2230 Dec.
1100 2193 1207 2241 1824,
1239 2194 1298 2230 Nr.
1324 2194 1411 2241 302,
1442 2205 1476 2242 p.
1503 2195 1608 2232 2431.

124 2251 354 2296 Morgenblatt
377 2251 695 2298 (Laetatur-Bia&
727 2252 834 2298 redig.
860 2262 930 2288 von
959 2253 1113 2298 Menzel)
1144 2253 1201 2289 31.
1227 2253 1312 2289 Dec.
1339 2254 1442 2289 1824.
1478 2254 1608 2300 Europ.

124 2309 268 2354 matter,
293 2310 422 2345 Monet.
447 2310 533 2345 Dec.
560 2310 663 2345 1824.

198 2367 231 2412 ²)
257 2367 458 2413 Cognomeu
483 2369 676 2408 Theocrito,
691 2369 835 2404 inditum
859 2369 956 2414 ldyu.
983 2368 1145 2414 v{1,5o.

199 2424 234 2469 ³)
260 2426 311 2461 Sit
335 2428 440 2462 venia
462 2427 518 2462 his
542 2427 723 2472 adjectivis
749 2430 844 2462 certe
867 2428 1023 2473 yraecis,
1049 2431 1084 2463 at
1108 2426 1150 2462 ab
1175 2429 1316 2463 mmmis
1341 2427 1541 2475 philologis,
1571 2429 1610 2465 nt

123 2483 161 2520 F.
186 2483 229 2520 A.
255 2483 373 2531 Wolf„
394 2484 439 2521 G.
464 2484 662 2532 Hermann„
687 2484 729 2521 A.
754 2485 922 2532 Boeckh„
936 2481 1131 2523 latinorum
1155 2487 1234 2523 loco
1259 2487 1431 2524 adhibitis.

196 2542 231 2587 ⁴)
257 2544 354 2579 Vide-
368 2553 428 2589 ea,
454 2553 544 2589 quae
569 2545 636 2580 hac
660 2545 704 2580 de
728 2553 769 2580 re
798 2546 834 2580 in
859 2544 1025 2581 librorum
1053 2555 1074 2580 a
1104 2554 1161 2581 ine
1192 2545 1420 2582 adhibitorum
1449 2546 1608 2591 catalogo

125 2600 205 2636 dixi.
