1739 2896
598 475 704 519 ΕιΑ
711 475 953 521 malon(
1004 476 1080 520 m.
1151 450 1156 454 ’

312 571 695 640 Σύρακόσιαι
716 579 756 639 ¹)
801 578 828 633 ἥ
872 577 1358 635 Ἁδωωιάζουσαι.

586 774 590 778 -
639 724 1038 812 Argumentum.

175 1033 287 1075 Quum
303 1032 469 1069 Adonidis
485 1042 583 1069 sacra
600 1032 767 1069 Arsinoes
789 1043 872 1069 cura
888 1036 923 1069 et
938 1032 1128 1079 sumptibus
1149 1043 1270 1079 magna
1292 1034 1464 1069 hominum
1481 1036 1579 1070 cele-

102 1092 226 1128 britate
241 1091 474 1128 Alexandriae
499 1094 702 1138 agerentur,
728 1092 933 1128 Theocritus
948 1094 1124 1128 materiam
1139 1093 1220 1128 inde
1234 1094 1392 1138 arripuit,
1418 1096 1453 1129 et
1469 1095 1579 1139 ipsam

104 1152 256 1196 reginam
286 1153 464 1197 totamque
495 1150 771 1187 Ptolemaeorum
808 1150 968 1187 familiam
995 1151 1183 1197 splendidis
1211 1151 1367 1187 laudibus
1405 1152 1580 1198 eleganter

105 1210 260 1246 ornandi.
309 1209 411 1252 Quod
435 1212 472 1246 ut
487 1209 620 1250 faceret
640 1211 675 1246 in
690 1209 760 1246 hoc
774 1209 908 1256 Idyllio,
937 1210 1025 1246 duas
1046 1210 1236 1256 inferioris,
1262 1220 1328 1247 nec
1343 1215 1457 1247 tamen
1475 1211 1581 1247 intimi

110 1270 180 1304 loci
203 1269 421 1305 mulierculas
442 1269 598 1315 exhibet,
624 1278 730 1315 quae,
755 1269 936 1314 Syracusis
960 1272 1063 1305 natae
1088 1273 1123 1305 et
1147 1270 1331 1315 educatae,
1356 1280 1433 1305 cum
1454 1272 1582 1306 maritis

104 1329 349 1365 Alexandriam
372 1327 559 1364 habitatum
582 1329 617 1363 in
641 1331 777 1374 tempus
819 1332 1081 1375 concesserant,
1112 1332 1163 1375 et,
1193 1332 1231 1365 ut
1259 1329 1474 1376 splendidum
1503 1329 1584 1366 festi

104 1391 306 1435 apparatum
331 1390 506 1439 spectent,
538 1397 606 1423 una
637 1397 715 1424 cum
745 1388 876 1424 ancillis
906 1390 942 1423 in
971 1388 1084 1424 aulam
1114 1389 1240 1433 regiam
1273 1398 1354 1424 sese
1387 1388 1580 1425 conserunt.

104 1448 224 1484 Plures
254 1447 359 1493 hujus
389 1448 548 1483 carminis
578 1446 842 1483 constituendae
878 1451 957 1483 sunt
986 1450 1103 1493 partes
1140 1449 1215 1483 sive
1258 1456 1402 1493 scenae,
1439 1457 1582 1494 quarum

102 1509 211 1554 prima
235 1509 268 1543 in
284 1506 475 1543 Praxinoae
498 1508 609 1552 agitur
633 1506 793 1553 aedibus,
819 1516 888 1553 quo
906 1505 1021 1553 Gorgo
1040 1505 1156 1553 venit,
1182 1510 1219 1543 ut
1244 1508 1386 1543 amicam
1411 1510 1579 1544 arcessat.

107 1587 148 1592 -
175 1567 234 1603 123.
275 1566 356 1602 Post
379 1567 493 1602 varios
518 1575 715 1611 sermones,
741 1566 862 1611 quales
885 1567 977 1601 inter
992 1567 1156 1601 mulieres
1179 1566 1299 1601 haberi
1320 1567 1452 1611 solent,
1477 1566 1581 1601 rebus

105 1625 198 1661 domi
228 1626 445 1671 compositis,
482 1624 602 1660 ambae
635 1624 768 1660 ancillis
799 1625 945 1670 stipatae
974 1625 1010 1660 in
1038 1624 1212 1671 publicum
1242 1625 1413 1671 prodeunt
1435 1624 1494 1660 ubi
1516 1625 1582 1660 illis

107 1684 207 1720 turba
231 1684 407 1720 hominum
431 1684 584 1730 undique
610 1682 869 1729 confluentium,
901 1686 1095 1730 stuporem,
1121 1686 1202 1731 equi
1225 1686 1316 1730 regis
1340 1683 1430 1720 forte
1455 1694 1582 1720 occur·

106 1747 224 1779 santes
247 1746 419 1779 terrorem
441 1745 620 1778 incutiunt.
673 1742 835 1788 Sequitur
859 1742 974 1778 brevis
1006 1753 1082 1778 cum
1108 1743 1223 1779 vetula
1248 1743 1383 1778 obviam
1405 1743 1470 1779 illis
1495 1742 1583 1779 sacta

107 1801 352 1838 contabulatio.
372 1821 414 1827 —
440 1800 498 1838 64.
514 1801 589 1838 ,lam
612 1802 647 1837 in
671 1803 787 1848 regiae
811 1804 911 1848 porta
934 1802 969 1837 in
993 1801 1167 1837 hominum
1191 1801 1289 1850 turba
1303 1803 1431 1838 misere
1445 1800 1583 1838 luctan-

109 1865 182 1907 tur,
208 1865 243 1898 et
267 1871 373 1908 aegre
397 1862 549 1907 tandem,
580 1860 623 1897 ab
647 1863 767 1907 ignoto,
790 1860 938 1907 quodam
961 1860 1101 1897 homine
1124 1861 1278 1907 adjutae,
1308 1863 1344 1897 in
1368 1871 1447 1898 eum
1470 1861 1583 1898 locum

107 1923 306 1967 penetrant,
330 1920 390 1956 ubi
412 1920 580 1957 Adonidis
608 1930 708 1957 sacra
731 1919 826 1956 fiunt.
862 1940 902 1944 —
937 1921 992 1955 77.
1024 1920 1061 1956 In
1085 1922 1161 1966 ipsa
1192 1920 1340 1966 denique
1364 1922 1473 1966 regia,
1504 1920 1582 1956 dum

107 1980 277 2022 Adonidis
306 1980 354 2015 ibi
383 1982 577 2027 expositam
607 1981 804 2027 imaginem,
842 1979 922 2015 dum
951 1980 1176 2027 stragularum
1208 1981 1352 2017 vestium
1388 1980 1583 2027 reliquique

109 2043 250 2075 ornatus
274 2039 575 2085 magnificentiam,
610 2039 689 2074 dum
714 2041 826 2075 omnia
851 2039 1002 2084 denique
1016 2040 1237 2084 admirantur,
1263 2039 1306 2074 de
1322 2038 1478 2074 omnibus
1501 2048 1583 2084 gar-

107 2100 214 2145 riunt,
239 2099 417 2135 altercatio
440 2097 508 2134 illis
533 2099 641 2134 oritur
665 2108 742 2134 cum
776 2100 973 2144 spectatore
998 2097 1162 2145 quodam,
1193 2097 1443 2135 intolerabilem
1466 2107 1584 2134 earum

107 2159 341 2204 garrulitatem
355 2168 460 2205 aegre
492 2157 640 2194 ferente.
659 2177 700 2182 —-
728 2157 785 2194 95.
803 2156 1047 2193 Conticescunt
1070 2158 1221 2203 tandem,
1247 2160 1283 2193 ut
1298 2166 1434 2193 carmen
1449 2158 1585 2193 audiant

108 2220 143 2252 in
158 2217 328 2252 honorem
344 2217 511 2253 Adonidis
526 2218 770 2262 compositum,
798 2216 890 2262 quod
904 2217 986 2251 item
1001 2215 1170 2252 Arsinoes
1192 2216 1448 2263 Berenicesque
1464 2215 1584 2251 laudes

111 2276 362 2323 complectitur.
390 2296 430 2301 —
466 2275 545 2313 146.
571 2275 647 2320 Quo
679 2276 828 2313 carmine
853 2274 948 2312 linito
986 2278 1065 2322 post
1094 2276 1215 2313 laudes
1245 2277 1420 2313 cantatrici
1441 2275 1584 2312 tributas

185 2429 215 2475 ¹)
240 2430 297 2467 Sic
332 2432 460 2467 rectius
497 2440 599 2478 quam
633 2431 707 2468 rell.
745 2431 822 2468 edd.
860 2430 964 2467 habet
1000 2430 1166 2477 Meinek.,
1201 2432 1312 2467 numis
1346 2430 1571 2467 annuentibus

110 2490 189 2525 vide
213 2499 269 2536 ap.
294 2491 428 2527 Hauris.
477 2490 614 2538 Scriptt.
640 2491 725 2527 Hist.
750 2491 846 2527 Rom.
880 2494 959 2526 tom.
985 2490 1010 2527 Ι.
1035 2491 1102 2527 tab.
1125 2489 1239 2527 XLVI.
1263 2499 1385 2526 numos
1408 2489 1435 2526 1.
1459 2493 1496 2527 et
1517 2489 1585 2536 m,

111 2550 152 2585 A.
179 2548 219 2586 U.
245 2548 283 2585 C.
309 2549 379 2585 537
409 2560 529 2597 cusos,
561 2554 597 2587 et
620 2550 698 2587 ibid.
730 2550 796 2587 tab.
822 2549 922 2586 XLII.
959 2560 1097 2587 numum
1119 2549 1145 2586 1.
1172 2550 1441 2597 „elegantiorem
1465 2552 1500 2587 et
1523 2558 1585 2586 ra-

111 2607 259 2646 riorem“
286 2608 438 2654 (Hauris.
467 2609 583 2656 ibid),
608 2612 642 2647 in
669 2610 792 2657 quibus
817 2610 971 2647 omnibus
996 2610 1294 2645 ΣΥΡΑΚΟΣΙΩΝ
1313 2612 1467 2656 apparet.
